@Article{Bradley:1952:Biometrika,
   Author    = {Ralph A. Bradley and Milton E. Terry},
   Title     = {Rank Analysis of Incomplete Block Designs: I. The Method of Paired Comparisons},
   Journal   = {Biometrika},
   Year      = {1952},
   Pages     = {324-345},
   Volume    = {39},
   Number    = {3/4},
}

@InProceedings{Yuxin:2015ITW,
  Title     ={Top-K ranking: An information-theoretic perspective},
  Author    ={Yuxin Chen and Changho Suh},
  Booktitle ={2015 IEEE Information Theory Workshop - Fall (ITW)},
  Year      ={2015},
  Pages     ={212-213},
}

@InProceedings{Dwork:2001:WWW,
	Title     ={Rank aggregation methods for the Web},
	Author    ={Dwork, C.  and  Kumar, R.  and  Naor, M.  and  Sivakumar, D.},
	Booktitle ={Proceedings of the 10th international conference on World Wide Web (WWW'2001)},
	Year      ={2001},
	Pages     ={613-622},
}

@InProceedings{Maystre:2017:ICML,
  Title     ={Just Sort It! A Simple and Effective Approach to Active Preference Learning},
  Author    ={Maystre, Lucas and Grossglauser, Matthias},
  Booktitle ={Proceedings of the 34th International Conference on Machine Learning},
  Year      ={2017},
  Pages     ={2344-2353},
}

@Article{Ailon:2010:MachineLearning,
   Author    = {Ailon, N.  and  Mohri, M.},
   Title     = {Preference-based learning to rank},
   Journal   = {Machine Learning},
   Year      = {2010},
   Pages     = {189-211},
   Volume    = {80},
   Number    = {2-3},
}

@InProceedings{Chen:2013:WSDM,
  Title     = {Pairwise Ranking Aggregation in a Crowdsourced Setting},
  Author    = {Chen, X.  and  Bennett, P. N.  and  Collins-Thompson, K.  and  Horvitz, E.},
  Booktitle = {Proceedings of the sixth ACM international conference on Web search and data mining},
  Year      = {2013},
  Pages     = {193--202},
}

@InProceedings{Mohajer:2016:ACCC,
  Title     = {Active top-K ranking from noisy comparisons},
  Author    = {Mohajer, Soheil and Suh, Changho},
  Booktitle = {2016 54th Annual Allerton Conference on Communication, Control, and Computing (Allerton)},
  Year      = {2016},
  Pages     = {875-882},
}

@Article{Xiaoye:2011:MathProg,
   Author    = {Jiang, Xiaoye and Lim, Lek-Heng and Yao, Yuan and Ye, Yinyu},
   Title     = {Statistical ranking and combinatorial Hodge theory},
   Journal   = {Mathematical Programming},
   Year      = {2011},
   Pages     = {203-244},
   Volume    = {127},
   Number    = {1},
}

@techreport{Lawrence:1999:Stanford,
          number = {1999-66},
           month = {November},
          author = {Lawrence Page and Sergey Brin and Rajeev Motwani and Terry Winograd},
            note = {Previous number = SIDL-WP-1999-0120},
           title = {The PageRank Citation Ranking: Bringing Order to the Web.},
            type = {Technical Report},
       publisher = {Stanford InfoLab},
            year = {1999},
     institution = {Stanford InfoLab},
}

@Article{Negahban:2017:OperRes,
   Author    = {Negahban, Sahand and Oh, Sewoong and Shah, Devavrat},
   Title     = {Rank centrality: Ranking from pairwise comparisons},
   Journal   = {Operations Research},
   Year      = {2017},
   Pages     = {266-287},
   Volume    = {65},
   Number    = {1},
}

@Article{Luce:2005:JASA,
   Author    = {Luce, R Duncan},
   Title     = {Individual Choice Behavior: A Theoretical Analysis},
   Journal   = {Journal of the American Statistical Association},
   Year      = {2005},
   Pages     = {1-15},
   Volume    = {67},
   Number    = {293},
}

@Article{Tsai:2006:MathPsy,
   Author    = {Tsai, Rung-Ching and B{\"o}ckenholt, Ulf},
   Title     = {Modelling intransitive preferences: A random-effects approach},
   Journal   = {Journal of Mathematical Psychology},
   Year      = {2006},
   Pages     = {1-14},
   Volume    = {50},
   Number    = {1},
}

@Article{Ford:1957:AMM,
   Author    = {Ford Jr, Lester R},
   Title     = {Solution of a ranking problem from binary comparisons},
   Journal   = {The American Mathematical Monthly},
   Year      = {1957},
   Pages     = {28-33},
   Volume    = {64},
   Number    = {8},
}

@InProceedings{Steffen:2009:UAI,
  Title     = {{BPR:} Bayesian Personalized Ranking from Implicit Feedback},
  Author    = {Steffen Rendle and Christoph Freudenthaler and Zeno Gantner and Lars Schmidt{-}Thieme},
  Booktitle = {{UAI} 2009, Proceedings of the Twenty-Fifth Conference on Uncertainty in Artificial Intelligence, Montreal, QC, Canada, June 18-21, 2009},
  Year      = {2009},
  Pages     = {452-461},
}

@InProceedings{Weike:2013:IJCAI,
  Title     = {Gbpr: Group preference based bayesian personalized ranking for one-class collaborative filterin},
  Author    = {Pan, Weike and Chen, Li},
  Booktitle = {Twenty-Third International Joint Conference on Artificial Intelligence},
  Year      = {2013},
  Pages     = {},
}

@InProceedings{Yu:2018:CIKM,
  Title     = {Multiple pairwise ranking with implicit feedback},
  Author    = {Yu, R. and Zhang, Y. and Ye, Y. and Wu, L. and Wang, C. and Liu, Q. and Chen, E.},
  Booktitle = { Proceedings of the 27th ACM Int. Conference on Information and Knowledge Management, ACM},
  Year      = {2018},
  Pages     = {1727-1730},
}

@Article{Zhao:2019:FGCS,
   Author    = {Zhao, F. and Shen, Y. and Gui, X. and Jin. H},
   Title     = {{SDBPR}: Social distance-aware bayesian personalized ranking for recommendation},
   Journal   = {Future Generation Computer Systems},
   Year      = {2019},
   Pages     = {372-381},
   Volume    = {95},
   Number    = {},
}

@Article{Liu:2020:KBS,
   Author    = {Liu, B. and Chen, T. and Jia, P.  and Wang, L},
   Title     = {Effective public service delivery supported by time-decayed Bayesian personalized ranking. Knowledge-Based Systems},
   Journal   = {Knowledge-Based Systems},
   Year      = {2020},
   Pages     = {10637},
   Volume    = {206},
   Number    = {},
}

@Article{Qiu:2018:IS,
   Author    = {Qiu, H. and Liu, Y. and Guo, G. and Sun, Z. and Zhang, J. and Nguyen, H. T. },
   Title     = {{BPRH}: Bayesian personalized ranking for heterogeneous implicit feedback},
   Journal   = {Information Sciences},
   Year      = {2018},
   Pages     = {80-98},
   Volume    = {453},
   Number    = {},
}

@Article{Pan:2015:KBS,
   Author    = {Pan, W. and Zhong, H. and Xu, C.  and Ming, Z},
   Title     = {Adaptive bayesian personalized ranking for heterogeneous implicit feedbacks. Knowledge-Based Systems},
   Journal   = {Knowledge-Based Systems},
   Year      = {2015},
   Pages     = {173-180},
   Volume    = {73},
   Number    = {},
}

@InProceedings{Lerche:2014:RS,
  Title     = {Using graded implicit feedback for bayesian personalized ranking},
  Author    = {Lerche, Lukas and Jannach, Dietmar},
  Booktitle = {Proceedings of the 8th ACM Conference on Recommender systems},
  Year      = {2014},
  Pages     = {353-356},
}

@Article{Xuejiao:2020:ASC,
   Author    = {Yang, X.  and  Wang, B.},
   Title     = {Local ranking and global fusion for personalized recommendation},
   Journal   = {Applied Soft Computing},
   Year      = {2020},
   Pages     = {106636},
   Volume    = {96},
   Number    = {1},
}

@Article{Dempster:1977:RSS,
   Author    = {Dempster, Arthur P and Laird, Nan M and Rubin, Donald B},
   Title     = {Maximum likelihood from incomplete data via the EM algorithm},
   Journal   = {Journal of the Royal Statistical Society: Series B (Methodological)},
   Year      = {1977},
   Pages     = {1-22},
   Volume    = {39},
   Number    = {1},
}

@Article{Pan:2016:Neurocomputing,
   Author    = {Pan, Weike and Chen, Li},
   Title     = {Group Bayesian personalized ranking with rich interactions for one-class collaborative filtering},
   Journal   = {Neurocomputing},
   Year      = {2016},
   Pages     = {501-510},
   Volume    = {207},
   Number    = {},
}

@Article{McFadden:1974:FE,
   Author    = {McFadden, Daniel},
   Title     = {Conditional logit analysis of qualitative choice behavior},
   Journal   = {Frontiers in Econometrics},
   Year      = {1974},
   Pages     = {},
   Volume    = {},
   Number    = {},
}

@Article{Zhang:2021:Neurocomputing,
   Author    = {Zhang, Qian and Ren, Fuji},
   Title     = {Prior-based bayesian pairwise ranking for one-class collaborative filtering},
   Journal   = {Neurocomputing},
   Year      = {2021},
   Pages     = {365-374},
   Volume    = {440},
   Number    = {2},
}

@InProceedings{Wenhui:2019:WWW,
  Title     = {Spectrum-enhanced Pairwise Learning to Rank},
  Author    = {Yu, Wenhui and Qin, Zheng},
  Booktitle = { World Wide Web Conference (WWW '19)},
  Year      = {2019},
  Pages     = {2247-2257},
}

@Article{Madan:1990:Business,
   Author    = {Madan, Dilip B and Seneta, Eugene},
   Title     = {The variance gamma (VG) model for share market returns},
   Journal   = {Journal of business},
   Year      = {1990},
   Pages     = {511-524},
   Volume    = {41},
   Number    = {A},
}

@Article{Senata:2004:ApplyPro,
   Author    = {Seneta,Eugene},
   Title     = {Fitting the variance-gamma model to financial data},
   Journal   = {Journal of applied probability},
   Year      = {2004},
   Pages     = {177-187},
   Volume    = {41},
   Number    = {A},
}

@Article{Tjetjep:2006:ISR,
   Author    = {Tjetjep,Annelies and Seneta,Eugene},
   Title     = {Skewed Normal Variance-Mean Models for Asset Pricing and the Method of Moments},
   Journal   = {International statistical review},
   Year      = {2006},
   Pages     = {109-126},
   Volume    = {74},
   Number    = {1},
}

@InProceedings{Herschtal:2004:ICML,
	Title     = {Optimising area under the ROC curve using gradient descent},
	Author    = {Herschtal, Alan and Raskutti, Bhavani},
	Booktitle = { Proceedings of the twenty-first International conference on Machine learning},
	Year      = {2004},
	Pages     = {49},
}

@InProceedings{Penghua:2016:ICDM,
	Title     = {Sebpr: Semantics enhanced bayesian personalized ranking with comparable item pairst},
	Author    = {Yu, Penghua and Lin, Lanfen},
	Booktitle = {2016 IEEE 16th International Conference on Data Mining Workshops (ICDMW)},
	Year      = {2016},
	Pages     = {1015-1022},
}

@InProceedings{Wang:2012:Datadriven,
	Title     = {Please spread: recommending tweets for retweeting with implicit feedback},
	Author    = {Wang, Sheng and Zhou, Xiaobo and Wang, Ziqi and Zhang, Ming},
	Booktitle = {Proceedings of the 2012 workshop on Data-driven user behavioral modelling and mining from social media},
	Year      = {2012},
	Pages     = {19-22},
}

@InProceedings{Steffen:2014:WSDM,
	Title     = {Improving pairwise learning for item recommendation from implicit feedback},
	Author    = {Rendle, Steffen and Freudenthaler, Christoph},
	Booktitle = {Proceedings of the 7th ACM international conference on Web Search and Data Mining},
	Year      = {2014},
	Pages     = {273-282},
}

@Article{Bin:2020:IS,
	Author    = {Wu, Bin and Ye, Yangdong},
	Title     = {BSPR: Basket-sensitive personalized ranking for product recommendation},
	Journal   = {Information Sciences},
	Year      = {2020},
	Pages     = {185-206},
	Volume    = {541},
	Number    = {1},
}

@Article{Bin:2020:IS,
	Author    = {Wu, Bin and Ye, Yangdong},
	Title     = {BSPR: Basket-sensitive personalized ranking for product recommendation},
	Journal   = {Information Sciences},
	Year      = {2020},
	Pages     = {185-206},
	Volume    = {541},
	Number    = {1},
}

@Article{Linero-Bas:2021:MJM,
	Author    = {Linero-Bas, A.  and D Nieves-Roldán},
	Title     = {A Generalization of the Monotone Convergence Theorem},
	Journal   = {Mediterranean Journal of Mathematics},
	Year      = {2021},
	Pages     = {1-10},
	Volume    = {18},
	Number    = {4},
}

@book{Arrow:2012,
	author    = {Kenneth J. Arrow},
	title     = {Social Choice and Individual Values},
	year      = {2012},
	publisher = {Yale University Press},
	ISBN      = {9780300186987}
}

@Article{Zhang:2018:TNNLS,
	Author    = {Zhang, Qian and Lu, Jie and Wu, Dianshuang and Zhang, Guangquan},
	Title     = {A Cross-Domain Recommender System With Kernel-Induced Knowledge Transfer for Overlapping Entities},
	Journal   = {IEEE Transactions on Neural Networks and Learning Systems},
	Year      = {2018},
	Pages     = {1998-2012},
	Volume    = {30},
	Number    = {7},
}

@Article{Duan:2021:TNNLS,
	Author    = {Duan, Shiyu and Yu, Shujian and Pr{\'\i}ncipe, Jos{\'e} C},
	Title     = {Modularizing deep learning via pairwise learning with kernels},
	Journal   = {IEEE Transactions on Neural Networks and Learning Systems},
	Year      = {2021},
	Pages     = {1-11},
	Volume    = {},
	Number    = {},
}

@Article{Huang:2021:TNNLS,
	Author    = {Huang, Tianlin and Zhao, Rujie and Bi, Lvqing and Zhang, Defu and Lu, Chao},
	Title     = {Neural Embedding Singular Value Decomposition for Collaborative Filtering},
	Journal   = {IEEE Transactions on Neural Networks and Learning Systems},
	Year      = {2021},
	Pages     = {1-9},
	Volume    = {},
	Number    = {},
}

@InProceedings{Yang:2019:SIGIR,
	Title     = {Local Matrix Approximation based on Graph Random Walk},
	Author    = {Yang, Xuejiao and Wang, Bang},
	Booktitle = {the 42nd International ACM SIGIR Conference},
	Year      = {2019},
	Pages     = {},
}

@Article{Yang:2020:IS,
	Author    = {Yang, Xuejiao and  Wang, Bang},
	Title     = {Destructure-and-restructure matrix approximation},
	Journal   = {Information Sciences},
	Year      = {2020},
	Pages     = {434-448},
	Volume    = {514},
	Number    = {2020},
}

@inproceedings{Wang:2021:WSDM,
  title={Denoising implicit feedback for recommendation},
  author={Wang, Wenjie and Feng, Fuli and He, Xiangnan and Nie, Liqiang and Chua, Tat-Seng},
  booktitle={Proceedings of the 14th ACM international conference on web search and data mining},
  pages={373--381},
  year={2021}
}