
%% BibFile.bib
@article{Zhang:2020:ACM,
author = {Zhang, Shuai and Yao, Lina and Sun, Aixin and Tay, Yi},
title = {Deep Learning Based Recommender System: A Survey and New Perspectives},
year = {2019},
publisher = {Association for Computing Machinery},
volume = {52},
number = {1},
issn = {0360-0300},
journal = {ACM Comput. Surv.},
numpages = {38},
}

@inproceedings{GCC:2020:KDD,
author = {Qiu, Jiezhong and Chen, Qibin and Dong, Yuxiao and Zhang, Jing and Yang, Hongxia and Ding, Ming and Wang, Kuansan and Tang, Jie},
title = {GCC: Graph Contrastive Coding for Graph Neural Network Pre-Training},
year = {2020},
booktitle = {Proceedings of the 26th ACM SIGKDD International Conference on Knowledge Discovery \& Data Mining},
pages = {1150–1160},
numpages = {11},
}

@article{zhang:cl, 
author = {张重生 and 陈杰 and 李岐龙 and 邓斌权 and 王杰 and 陈承功}, 
title = {深度对比学习综述}, 
journal = {自动化学报}, 
volume = {49}, 
number = {15-39}, 
year = {2023}, 
issn = {0254-4156}, 
}

@article{self:aug, 
author = {耿传兴 and 谭正豪 and  陈松灿}, 
title = {自监督增广的监督分类学习增强}, 
journal = {软件学报}, 
volume = {34}, 
number = {1870-1878}, 
year = {2023}, 
issn = {1000-9825}, 
}

@article{rs, 
author = {黄立威 and 江碧涛 and 吕守业 and 刘艳博 and 李德毅}, 
title = {基于深度学习的推荐系统研究综述}, 
journal = {计算机学报}, 
volume = {41}, 
number = {1619-1647}, 
year = {2018}, 
issn = {0254-4164}
}


@article{xiao:cl, 
author = {肖杨 and 秦建阳 and 李肯立 and 王鸽 and 李瑞 and 廖清}, 
title = {基于图对比学习的多模态交通流量协同预测方法}, 
journal = {计算机科学}, 
volume = {50}, 
number = {135-145}, 
year = {2023}, 
issn = {1002-137X}
}


@article{graph:self, 
author = {张震 and 张三峰 and  杨望}, 
title = {基于图对比学习的恶意域名检测方法}, 
journal = {软件学报}, 
issn = {1000-9825}}

@article{cl:bei, 
author = {张北辰 and  李亮 and  查正军 and  黄庆明}, 
title = {基于跨模态对比学习的视觉问答主动学习方法}, 
journal = {计算机学报}, 
volume = {45}, 
number = {1730-1745}, 
year = {2022}, 
issn = {0254-4164}
}


@article{graph:CL,
 author = {岑科廷 and 沈华伟 and 曹婍 and 程学旗},
 title = {图对比学习综述},
 journal = {中文信息学报},
 volume = {37},
 number = {1-21},
 year = {2023},
 issn = {1003-0077},
 }


@ARTICLE{SSR:2023:TKDE,
  author={Yu, Junliang and Yin, Hongzhi and Xia, Xin and Chen, Tong and Li, Jundong and Huang, Zi},
  journal={IEEE Transactions on Knowledge and Data Engineering}, 
  title={Self-Supervised Learning for Recommender Systems: A Survey}, 
  year={2023},
  pages={1-20},
  ISSN={1558-2191},
}

@ARTICLE{wu:2023:TKDE,
  author={Wu, Lirong and Lin, Haitao and Tan, Cheng and Gao, Zhangyang and Li, Stan Z.},
  journal={IEEE Transactions on Knowledge and Data Engineering}, 
  title={Self-Supervised Learning on Graphs: Contrastive, Generative, or Predictive}, 
  year={2023},
  volume={35},
  number={4},
  pages={4216-4235},
}

@ARTICLE{gsl:2023:TKDE,
  author={Liu, Yixin and Jin, Ming and Pan, Shirui and Zhou, Chuan and Zheng, Yu and Xia, Feng and Yu, Philip S.},
  journal={IEEE Transactions on Knowledge and Data Engineering}, 
  title={Graph Self-Supervised Learning: A Survey}, 
  year={2023},
  volume={35},
  number={6},
  pages={5879-5900},
}

@inproceedings{10.1145/3404835.3462862,
author = {Wu, Jiancan and Wang, Xiang and Feng, Fuli and He, Xiangnan and Chen, Liang and Lian, Jianxun and Xie, Xing},
title = {Self-Supervised Graph Learning for Recommendation},
year = {2021},
booktitle = {Proceedings of the 44th International ACM SIGIR Conference on Research and Development in Information Retrieval},
pages = {726–735},
numpages = {10},
}

@article{liu2021contrastive,
  title={Contrastive learning for recommender system},
  author={Liu, Zhuang and Ma, Yunpu and Ouyang, Yuanxin and Xiong, Zhang},
  journal={arXiv preprint arXiv:2101.01317},
  year={2021}
}

@inproceedings{10.1145/3459637.3482426,
author = {Zhang, Junwei and Gao, Min and Yu, Junliang and Guo, Lei and Li, Jundong and Yin, Hongzhi},
title = {Double-Scale Self-Supervised Hypergraph Learning for Group Recommendation},
year = {2021},
booktitle = {Proceedings of the 30th ACM International Conference on Information \& Knowledge Management},
pages = {2557–2567},
numpages = {11},
}

@inproceedings{10.1145/3477495.3532009,
author = {Yang, Yuhao and Huang, Chao and Xia, Lianghao and Li, Chenliang},
title = {Knowledge Graph Contrastive Learning for Recommendation},
year = {2022},
booktitle = {Proceedings of the 45th International ACM SIGIR Conference on Research and Development in Information Retrieval},
pages = {1434–1443},
numpages = {10},
}

@inproceedings{qiu2022contrastive,
  title={Contrastive learning for representation degeneration problem in sequential recommendation},
  author={Qiu, Ruihong and Huang, Zi and Yin, Hongzhi and Wang, Zijian},
  booktitle={Proceedings of the fifteenth ACM international conference on web search and data mining},
  pages={813--823},
  year={2022}
}

@inproceedings{yuan2023go,
author = {Yuan, Zheng and Yuan, Fajie and Song, Yu and Li, Youhua and Fu, Junchen and Yang, Fei and Pan, Yunzhu and Ni, Yongxin},
title = {Where to Go Next for Recommender Systems? ID- vs. Modality-Based Recommender Models Revisited},
year = {2023},
booktitle = {Proceedings of the 46th International ACM SIGIR Conference on Research and Development in Information Retrieval},
pages = {2639–2649},
}

@book{sugiyama2022machine,
  title={Machine learning from weak supervision: An empirical risk minimization approach},
  author={Sugiyama, Masashi and Bao, Han and Ishida, Takashi and Lu, Nan and Sakai, Tomoya},
  year={2022},
  publisher={MIT Press}
}

@inproceedings{yu2022graph,
  title={Are graph augmentations necessary? simple graph contrastive learning for recommendation},
  author={Yu, Junliang and Yin, Hongzhi and Xia, Xin and Chen, Tong and Cui, Lizhen and Nguyen, Quoc Viet Hung},
  booktitle={Proceedings of the 45th International ACM SIGIR Conference on Research and Development in Information Retrieval},
  pages={1294--1303},
  year={2022}
}

@inproceedings{10.1145/3543507.3583251,
author = {Zhou, Xin and Zhou, Hongyu and Liu, Yong and Zeng, Zhiwei and Miao, Chunyan and Wang, Pengwei and You, Yuan and Jiang, Feijun},
title = {Bootstrap Latent Representations for Multi-Modal Recommendation},
year = {2023},
isbn = {9781450394161},
booktitle = {Proceedings of the ACM Web Conference 2023},
pages = {845–854},
}

@article{yu2023xsimgcl,
  title={XSimGCL: Towards extremely simple graph contrastive learning for recommendation},
  author={Yu, Junliang and Xia, Xin and Chen, Tong and Cui, Lizhen and Hung, Nguyen Quoc Viet and Yin, Hongzhi},
  journal={IEEE Transactions on Knowledge and Data Engineering},
  year={2023},
  publisher={IEEE}
}

@inproceedings{sun2019bert4rec,
  title={BERT4Rec: Sequential recommendation with bidirectional encoder representations from transformer},
  author={Sun, Fei and Liu, Jun and Wu, Jian and Pei, Changhua and Lin, Xiao and Ou, Wenwu and Jiang, Peng},
  booktitle={Proceedings of the 28th ACM international conference on information and knowledge management},
  pages={1441--1450},
  year={2019}
}

@inproceedings{geng2022recommendation,
  title={Recommendation as language processing (rlp): A unified pretrain, personalized prompt \& predict paradigm (p5)},
  author={Geng, Shijie and Liu, Shuchang and Fu, Zuohui and Ge, Yingqiang and Zhang, Yongfeng},
  booktitle={Proceedings of the 16th ACM Conference on Recommender Systems},
  pages={299--315},
  year={2022}
}

@inproceedings{zhang:sigir,
author = {Zhang, Zizhuo and Wang, Bang},
title = {Prompt Learning for News Recommendation},
year = {2023},
booktitle = {Proceedings of the 46th International ACM SIGIR Conference on Research and Development in Information Retrieval},
pages = {227–237},
}

@inproceedings{liu2021pre,
  title={Pre-training graph transformer with multimodal side information for recommendation},
  author={Liu, Yong and Yang, Susen and Lei, Chenyi and Wang, Guoxin and Tang, Haihong and Zhang, Juyong and Sun, Aixin and Miao, Chunyan},
  booktitle={Proceedings of the 29th ACM International Conference on Multimedia},
  pages={2853--2861},
  year={2021}
}

@article{cai2022heterogeneous,
  title={Heterogeneous graph contrastive learning network for personalized micro-video recommendation},
  author={Cai, Desheng and Qian, Shengsheng and Fang, Quan and Hu, Jun and Ding, Wenkui and Xu, Changsheng},
  journal={IEEE Transactions on Multimedia},
  year={2022},
  publisher={IEEE}
}

@inproceedings{ma2020disentangled,
  title={Disentangled self-supervision in sequential recommenders},
  author={Ma, Jianxin and Zhou, Chang and Yang, Hongxia and Cui, Peng and Wang, Xin and Zhu, Wenwu},
  booktitle={Proceedings of the 26th ACM SIGKDD International Conference on Knowledge Discovery \& Data Mining},
  pages={483--491},
  year={2020}
}

@inproceedings{liu2021augmenting,
  title={Augmenting sequential recommendation with pseudo-prior items via reversely pre-training transformer},
  author={Liu, Zhiwei and Fan, Ziwei and Wang, Yu and Yu, Philip S},
  booktitle={Proceedings of the 44th International ACM SIGIR Conference on Research and Development in Information Retrieval},
  pages={1608--1612},
  year={2021}
}

@inproceedings{kang2018self,
  title={Self-attentive sequential recommendation},
  author={Kang, Wang-Cheng and McAuley, Julian},
  booktitle={2018 IEEE international conference on data mining (ICDM)},
  pages={197--206},
  year={2018},
}

@article{jiang2021sequential,
  title={Sequential recommendation with bidirectional chronological augmentation of transformer},
  author={Jiang, Juyong and Luo, Yingtao and Kim, Jae Boum and Zhang, Kai and Kim, Sunghun},
  journal={arXiv preprint arXiv:2112.06460},
  year={2021}
}

@article{wu2020ptum,
  title={Ptum: Pre-training user model from unlabeled user behaviors via self-supervision},
  author={Wu, Chuhan and Wu, Fangzhao and Qi, Tao and Lian, Jianxun and Huang, Yongfeng and Xie, Xing},
  journal={arXiv preprint arXiv:2010.01494},
  year={2020}
}

@article{yuan2021improving,
  title={Improving sequential recommendation consistency with self-supervised imitation},
  author={Yuan, Xu and Chen, Hongshen and Song, Yonghao and Zhao, Xiaofang and Ding, Zhuoye and He, Zhen and Long, Bo},
  journal={arXiv preprint arXiv:2106.14031},
  year={2021}
}

@inproceedings{lee2021bootstrapping,
  title={Bootstrapping user and item representations for one-class collaborative filtering},
  author={Lee, Dongha and Kang, SeongKu and Ju, Hyunjun and Park, Chanyoung and Yu, Hwanjo},
  booktitle={Proceedings of the 44th International ACM SIGIR Conference on Research and Development in Information Retrieval},
  pages={317--326},
  year={2021}
}

@inproceedings{bian2021contrastive,
  title={Contrastive curriculum learning for sequential user behavior modeling via data augmentation},
  author={Bian, Shuqing and Zhao, Wayne Xin and Zhou, Kun and Cai, Jing and He, Yancheng and Yin, Cunxiang and Wen, Ji-Rong},
  booktitle={Proceedings of the 30th ACM International Conference on Information \& Knowledge Management},
  pages={3737--3746},
  year={2021}
}

@article{wang2023curriculum,
  title={Curriculum pre-training heterogeneous subgraph transformer for top-n recommendation},
  author={Wang, Hui and Zhou, Kun and Zhao, Xin and Wang, Jingyuan and Wen, Ji-Rong},
  journal={ACM Transactions on Information Systems},
  volume={41},
  number={1},
  pages={1--28},
  year={2023},
}

@inproceedings{xie2022contrastive,
  title={Contrastive learning for sequential recommendation},
  author={Xie, Xu and Sun, Fei and Liu, Zhaoyang and Wu, Shiwen and Gao, Jinyang and Zhang, Jiandong and Ding, Bolin and Cui, Bin},
  booktitle={2022 IEEE 38th international conference on data engineering (ICDE)},
  pages={1259--1273},
  year={2022},
  organization={IEEE}
}

@article{liu2021contrastive,
  title={Contrastive self-supervised sequential recommendation with robust augmentation},
  author={Liu, Zhiwei and Chen, Yongjun and Li, Jia and Yu, Philip S and McAuley, Julian and Xiong, Caiming},
  journal={arXiv preprint arXiv:2108.06479},
  year={2021}
}

@article{wang2023sequential,
  title={Sequential recommendation with multiple contrast signals},
  author={Wang, Chenyang and Ma, Weizhi and Chen, Chong and Zhang, Min and Liu, Yiqun and Ma, Shaoping},
  journal={ACM Transactions on Information Systems},
  volume={41},
  number={1},
  pages={1--27},
  year={2023},
}

@inproceedings{xia2021self,
  title={Self-supervised hypergraph convolutional networks for session-based recommendation},
  author={Xia, Xin and Yin, Hongzhi and Yu, Junliang and Wang, Qinyong and Cui, Lizhen and Zhang, Xiangliang},
  booktitle={Proceedings of the AAAI conference on artificial intelligence},
  volume={35},
  number={5},
  pages={4503--4511},
  year={2021}
}

@inproceedings{yang2021enhanced,
  title={Enhanced graph learning for collaborative filtering via mutual information maximization},
  author={Yang, Yonghui and Wu, Le and Hong, Richang and Zhang, Kun and Wang, Meng},
  booktitle={Proceedings of the 44th International ACM SIGIR Conference on Research and Development in Information Retrieval},
  pages={71--80},
  year={2021}
}

@inproceedings{cao2021bipartite,
  title={Bipartite graph embedding via mutual information maximization},
  author={Cao, Jiangxia and Lin, Xixun and Guo, Shu and Liu, Luchen and Liu, Tingwen and Wang, Bin},
  booktitle={Proceedings of the 14th ACM international conference on web search and data mining},
  pages={635--643},
  year={2021}
}

@inproceedings{yao2021self,
  title={Self-supervised learning for large-scale item recommendations},
  author={Yao, Tiansheng and Yi, Xinyang and Cheng, Derek Zhiyuan and Yu, Felix and Chen, Ting and Menon, Aditya and Hong, Lichan and Chi, Ed H and Tjoa, Steve and Kang, Jieqi and others},
  booktitle={Proceedings of the 30th ACM International Conference on Information \& Knowledge Management},
  pages={4321--4330},
  year={2021}
}

@article{tao2022self,
  title={Self-supervised learning for multimedia recommendation},
  author={Tao, Zhulin and Liu, Xiaohao and Xia, Yewei and Wang, Xiang and Yang, Lifang and Huang, Xianglin and Chua, Tat-Seng},
  journal={IEEE Transactions on Multimedia},
  year={2022},
  publisher={IEEE}
}

@inproceedings{guo2022miss,
  title={Miss: Multi-interest self-supervised learning framework for click-through rate prediction},
  author={Guo, Wei and Zhang, Can and He, Zhicheng and Qin, Jiarui and Guo, Huifeng and Chen, Bo and Tang, Ruiming and He, Xiuqiang and Zhang, Rui},
  booktitle={2022 IEEE 38th international conference on data engineering (ICDE)},
  pages={727--740},
  year={2022},
  organization={IEEE}
}

@BOOK{BEZOS02,
  AUTHOR        = "Javier Bezos",
  TITLE         = "The titlesec and titletoc Packages",
  MONTH         = mar,
  YEAR          = "2002"
}

@book{mou:2006,
  title={高等数理统计},
  author={茆诗松 and 王静龙 and 濮晓龙},
  year={2006},
  publisher={高等教育出版社}
}

@book{li:2019,
  title={统计学习方法},
  author={李航},
  year={2019},
  publisher={清华大学出版社}
}

@BOOK{dvipdfm,
  AUTHOR        = "Mark A. Wicks",
  TITLE         = "Dvipdfm user’s manual",
  MONTH         = sep,
  YEAR          = "1999"
}

@BOOK{dvips,
  AUTHOR        = "Tomas Rokicki",
  TITLE         = "Dvips: a dvi-to-postscript translator",
  MONTH         = feb,
  YEAR          = "1997"
}

@BOOK{TEXGURU99,
  AUTHOR        = "{\TeX}Guru",
  TITLE         = "{\LaTeX 2$\varepsilon$}用户手册",
  YEAR          = "1999"
}

@BOOK{OETIKER02,
  author={Oetiker, Tobias and Partl, Hubert and Hyna, Irene and Schlegl, Elisabeth},
  TITLE =        "The Not So Short Introduction to \LaTeX2e",
  YEAR =         "2002"
}

@BOOK{guide,
  AUTHOR =       "华中科技大学研究生院",
  TITLE =        "华中科技大学研究生学位论文写作指南",
  YEAR =         "2020",
  lang          = "chinese"
}

@BOOK{standard,
  AUTHOR =       "华中科技大学研究生院",
  TITLE =        "华中科技大学博士、硕士学位论文撰写规定",
  YEAR =         "2005",
  lang          = "chinese"
}

@BOOK{modal,
  AUTHOR =       "华中科技大学研究生院",
  TITLE =        "理工科-博士-华中科技大学学位论文参考模板",
  YEAR =         "2021",
  lang          = "chinese"
}

@inbook{Collin,
  author        = "Collin, Robert E",
  title         = "Field Theory of Guided Waves",
  edition       = "{2nd}",
  publisher     = "IEEE Press",
  address       = "New York, NY",
  year          = "1986",
  chapter       = "2",
  pages         = "104-105"
};


@article{Oliner_MTT_1984_09,
  author        = "A. A. Oliner",
  title         = "Historical perspectives on microwave field theory",
  journal       = IEEE_J_MTT,
  volume        = "32",
  number        = "9",
  year          = "1984",
  pages         = "1022-1045"
};


@TechReport{NPB2,
  title =        {The {NAS} Parallel Benchmarks 2.0},
  author =       {Alex Woo and David Bailey and Maurice Yarrow and Wijngaart
                 Wijngaart and Tim Harris and William Saphir},
  year =         1995,
  month =        dec # "~05",
  institution =       "The Pennsylvania State University CiteSeer Archives",
  url = "http://www.nasa.org/"
}



@patent{jppat,
  author        = "Ueda, Hideki",
  title         = "Quadrature Modulation Circuit",
  number        = "152932/92",
  day           = "20",
  month         = may,
  year          = "1992"
};


@inproceedings{liu2022local,
  title={Local augmentation for graph neural networks},
  author={Liu, Songtao and Ying, Rex and Dong, Hanze and Li, Lanqing and Xu, Tingyang and Rong, Yu and Zhao, Peilin and Huang, Junzhou and Wu, Dinghao},
  booktitle={International Conference on Machine Learning},
  pages={14054--14072},
  year={2022},
  organization={PMLR}
}

@article{velivckovic2018deep,
  title={Deep graph infomax},
  author={Veli{\v{c}}kovi{\'c}, Petar and Fedus, William and Hamilton, William L and Li{\`o}, Pietro and Bengio, Yoshua and Hjelm, R Devon},
  journal={arXiv preprint arXiv:1809.10341},
  year={2018}
}

@article{zhu2020deep,
  title={Deep graph contrastive representation learning},
  author={Zhu, Yanqiao and Xu, Yichen and Yu, Feng and Liu, Qiang and Wu, Shu and Wang, Liang},
  journal={arXiv preprint arXiv:2006.04131},
  year={2020}
}

@article{you2020graph,
  title={Graph contrastive learning with augmentations},
  author={You, Yuning and Chen, Tianlong and Sui, Yongduo and Chen, Ting and Wang, Zhangyang and Shen, Yang},
  journal={Advances in neural information processing systems},
  volume={33},
  pages={5812--5823},
  year={2020}
}


@InProceedings{pmlr-v139-you21a,
  title = 	 {Graph Contrastive Learning Automated},
  author =       {You, Yuning and Chen, Tianlong and Shen, Yang and Wang, Zhangyang},
  booktitle = 	 {Proceedings of the 38th International Conference on Machine Learning},
  pages = 	 {12121--12132},
  year = 	 {2021},
  volume = 	 {139},
}


@InProceedings{pmlr-v119-zheng20d,
  title = 	 {Robust Graph Representation Learning via Neural Sparsification},
  author =       {Zheng, Cheng and Zong, Bo and Cheng, Wei and Song, Dongjin and Ni, Jingchao and Yu, Wenchao and Chen, Haifeng and Wang, Wei},
  booktitle = 	 {Proceedings of the 37th International Conference on Machine Learning},
  pages = 	 {11458--11468},
  year = 	 {2020},
  volume = 	 {119},
}

@inproceedings{10.1145/3437963.3441734,
author = {Luo, Dongsheng and Cheng, Wei and Yu, Wenchao and Zong, Bo and Ni, Jingchao and Chen, Haifeng and Zhang, Xiang},
title = {Learning to Drop: Robust Graph Neural Network via Topological Denoising},
year = {2021},
booktitle = {Proceedings of the 14th ACM International Conference on Web Search and Data Mining},
pages = {779–787},
}

@inproceedings{10.1145/3437963.3441720,
author = {Zhao, Tianxiang and Zhang, Xiang and Wang, Suhang},
title = {GraphSMOTE: Imbalanced Node Classification on Graphs with Graph Neural Networks},
year = {2021},
booktitle = {Proceedings of the 14th ACM International Conference on Web Search and Data Mining},
pages = {833–841},
}

@article{page1998pagerank,
  title={The pagerank citation ranking: Bringing order to the web. Technical report},
  author={Page, Lawrence},
  journal={Stanford Digital Library Technologies Project, 1998},
  year={1998}
}

@article{zhang2020graph,
  title={Graph-bert: Only attention is needed for learning graph representations},
  author={Zhang, Jiawei and Zhang, Haopeng and Xia, Congying and Sun, Li},
  journal={arXiv preprint arXiv:2001.05140},
  year={2020}
}

@inproceedings{verma2019manifold,
  title={Manifold mixup: Better representations by interpolating hidden states},
  author={Verma, Vikas and Lamb, Alex and Beckham, Christopher and Najafi, Amir and Mitliagkas, Ioannis and Lopez-Paz, David and Bengio, Yoshua},
  booktitle={International conference on machine learning},
  pages={6438--6447},
  year={2019},
  organization={PMLR}
}
%--------------------------------------------------------------------------------------------------------------------------------
@InProceedings{Christoffel:2016:ACML,
Title     = {Class-prior estimation for learning from positive and unlabeled data},
Author    = {Christoffel, Marthinus and Niu, Gang and Sugiyama, Masashi},
Booktitle = {Asian Conference on Machine Learning},
Year      = {2016},
Pages     = {221--236},
}

@inproceedings{he2023candidate,
  title={Candidate-aware Graph Contrastive Learning for Recommendation},
  author={He, Wei and Sun, Guohao and Lu, Jinhu and Fang, Xiu Susie},
  booktitle={Proceedings of the 46th International ACM SIGIR Conference on Research and Development in Information Retrieval},
  pages={1670--1679},
  year={2023}
}
@inproceedings{lin2022improving,
  title={Improving graph collaborative filtering with neighborhood-enriched contrastive learning},
  author={Lin, Zihan and Tian, Changxin and Hou, Yupeng and Zhao, Wayne Xin},
  booktitle={Proceedings of the ACM Web Conference 2022},
  pages={2320--2329},
  year={2022}
}

@inproceedings{zhou2020s3,
  title={S3-rec: Self-supervised learning for sequential recommendation with mutual information maximization},
  author={Zhou, Kun and Wang, Hui and Zhao, Wayne Xin and Zhu, Yutao and Wang, Sirui and Zhang, Fuzheng and Wang, Zhongyuan and Wen, Ji-Rong},
  booktitle={Proceedings of the 29th ACM international conference on information \& knowledge management},
  pages={1893--1902},
  year={2020}
}

@inproceedings{huang2023dual,
  title={Dual Contrastive Transformer for Hierarchical Preference Modeling in Sequential Recommendation},
  author={Huang, Chengkai and Wang, Shoujin and Wang, Xianzhi and Yao, Lina},
  booktitle={Proceedings of the 46th International ACM SIGIR Conference on Research and Development in Information Retrieval},
  pages={99--109},
  year={2023}
}

@inproceedings{yang2023generative,
  title={Generative-Contrastive Graph Learning for Recommendation},
  author={Yang, Yonghui and Wu, Zhengwei and Wu, Le and Zhang, Kun and Hong, Richang and Zhang, Zhiqiang and Zhou, Jun and Wang, Meng},
  booktitle={Proceedings of the 46th International ACM SIGIR Conference on Research and Development in Information Retrieval},
  year={2023}
}

@book{tao:shi,
  title={陶哲轩实分析},
  author={陶哲轩},
  year={2018},
  publisher={人民邮电出版社}
}

@book{beye:book,
  title={贝叶斯统计},
  author={茆诗松},
  publisher={贝叶斯统计},
  year={1999},
}

@article{ml:2018,
  title={机器学习},
  author={周志华},
  journal={航空港},
  year={2018},
}

@inproceedings{shi2023theories,
  title={On the Theories Behind Hard Negative Sampling for Recommendation},
  author={Shi, Wentao and Chen, Jiawei and Feng, Fuli and Zhang, Jizhi and Wu, Junkang and Gao, Chongming and He, Xiangnan},
  booktitle={Proceedings of the ACM Web Conference 2023},
  pages={812--822},
  year={2023}
}

@article{qin2023meta,
  title={Meta-optimized Contrastive Learning for Sequential Recommendation},
  author={Qin, Xiuyuan and Yuan, Huanhuan and Zhao, Pengpeng and Fang, Junhua and Zhuang, Fuzhen and Liu, Guanfeng and Liu, Yanchi and Sheng, Victor},
  journal={arXiv preprint arXiv:2304.07763},
  year={2023}
}

@inproceedings{zhu2023adamcl,
  title={AdaMCL: Adaptive Fusion Multi-View Contrastive Learning for Collaborative Filtering},
  author={Zhu, Guanghui and Lu, Wang and Yuan, Chunfeng and Huang, Yihua},
  booktitle={Proceedings of the 46th International ACM SIGIR Conference on Research and Development in Information Retrieval},
  pages={1076--1085},
  year={2023}
}

@article{ren2023disentangled,
  title={Disentangled Contrastive Collaborative Filtering},
  author={Ren, Xubin and Xia, Lianghao and Zhao, Jiashu and Yin, Dawei and Huang, Chao},
  journal={arXiv preprint arXiv:2305.02759},
  year={2023}
}

@article{lin2022adaptive,
  title={Adaptive dropout for high-dimensional expensive multiobjective optimization},
  author={Lin, Jianqing and He, Cheng and Cheng, Ran},
  journal={Complex \& Intelligent Systems},
  volume={8},
  number={1},
  pages={271--285},
  year={2022},
  publisher={Springer}
}

@article{tong2023emp,
  title={EMP-SSL: Towards Self-Supervised Learning in One Training Epoch},
  author={Tong, Shengbang and Chen, Yubei and Ma, Yi and Lecun, Yann},
  journal={arXiv preprint arXiv:2304.03977},
  year={2023}
}

@inproceedings{Bin:2023:ICDE,
  title={Bayesian Negative Sampling for Recommendation},
  author={Liu, Bin and Wang, Bang},
  booktitle={2023 IEEE 39th International Conference on Data Engineering (ICDE)},
  pages={749--761},
  year={2023},
  organization={IEEE}
}

@InProceedings{Jain:2016:NIPS,
Title     = {Estimating the class prior and posterior from noisy positives and unlabeled data},
Author    = {Jain, Shantanu and White, Martha and Radivojac, Predrag},
Booktitle = {Advances in Neural Information Processing Systems},
Year      = {2016},
Pages     = {},
}

@article{pan2018classification,
  title={A classification-based surrogate-assisted evolutionary algorithm for expensive many-objective optimization},
  author={Pan, Linqiang and He, Cheng and Tian, Ye and Wang, Handing and Zhang, Xingyi and Jin, Yaochu},
  journal={IEEE Transactions on Evolutionary Computation},
  volume={23},
  number={1},
  pages={74--88},
  year={2018}
}

@article{song2013asynchronous,
  title={Asynchronous spiking neural P systems with local synchronization},
  author={Song, Tao and Pan, Linqiang and P{\u{a}}un, Gheorghe},
  journal={Information Sciences},
  volume={219},
  pages={197--207},
  year={2013},
  publisher={Elsevier}
}

@article{pan2014cell,
  title={细胞计算进展与展望},
  author={潘林强，宋弢},
  journal={中国科学院院刊},
  volume={29},
  number={1},
  pages={9},
  year={2014},
  lang          = "chinese"
}

@PhdThesis{CCPT,
  author        = "Safavi-Naini, Reza",
  title         = "On solving waveguide junction scattering problem by the conservation of complex power technique",
  year          = 1979,
  month         = mar,
  school        = "{Univ. of Waterloo}",
  address       = "{Waterloo, Ontario, Canada}"
}

@phdthesis{jxd1996,
  title={遗传算法及其应用},
  author={金希东},
  school={西南交通大学},
  year={1996},
  lang          = "chinese"
}

@inproceedings{li2021large,
  title={Large-scale Multiobjective Optimization via Problem Decomposition and Reformulation},
  author={Li, Lianghao and He, Cheng and Cheng, Ran and Pan, Linqiang},
  booktitle={2021 IEEE Congress on Evolutionary Computation (CEC)},
  pages={2149--2155},
  year={2021},
  organization={IEEE}
}


@book{shavlik1990readings,
  title={Readings in machine learning},
  author={Shavlik, Jude W and Dietterich, Thomas and Dietterich, Thomas Glen},
  year={1990},
  publisher={Morgan Kaufmann}
}

@book{yan2006CFG,
  title={CFG桩复合地基技术及工程实践 (第二版)},
  author={闫明礼，张东刚},
  publisher={中国水利水电出版社},
  year={2006},
  lang          = "chinese"
}

@Article{Bradley:1952:Biometrika,
   Author    = {Ralph A. Bradley and Milton E. Terry},
   Title     = {Rank Analysis of Incomplete Block Designs: I. The Method of Paired Comparisons},
   Journal   = {Biometrika},
   Year      = {1952},
   Pages     = {324-345},
   Volume    = {39},
   Number    = {3/4},
}

@InProceedings{Yuxin:2015ITW,
  Title     ={Top-K ranking: An information-theoretic perspective},
  Author    ={Yuxin Chen and Changho Suh},
  Booktitle ={2015 IEEE Information Theory Workshop - Fall (ITW)},
  Year      ={2015},
  Pages     ={212-213},
}

@InProceedings{Dwork:2001:WWW,
	Title     ={Rank aggregation methods for the Web},
	Author    ={Dwork, C.  and  Kumar, R.  and  Naor, M.  and  Sivakumar, D.},
	Booktitle ={Proceedings of the 10th international conference on World Wide Web},
	Year      ={2001},
	Pages     ={613-622},
}

@InProceedings{Maystre:2017:ICML,
  Title     ={Just Sort It! A Simple and Effective Approach to Active Preference Learning},
  Author    ={Maystre, Lucas and Grossglauser, Matthias},
  Booktitle ={Proceedings of the 34th International Conference on Machine Learning},
  Year      ={2017},
  Pages     ={2344-2353},
}

@Article{Ailon:2010:MachineLearning,
   Author    = {Ailon, N.  and  Mohri, M.},
   Title     = {Preference-based learning to rank},
   Journal   = {Machine Learning},
   Year      = {2010},
   Pages     = {189-211},
   Volume    = {80},
   Number    = {2-3},
}

@InProceedings{Chen:2013:WSDM,
  Title     = {Pairwise Ranking Aggregation in a Crowdsourced Setting},
  Author    = {Chen, X.  and  Bennett, P. N.  and  Collins-Thompson, K.  and  Horvitz, E.},
  Booktitle = {Proceedings of the sixth ACM international conference on Web search and data mining},
  Year      = {2013},
  Pages     = {193--202},
}

@InProceedings{Mohajer:2016:ACCC,
  Title     = {Active top-K ranking from noisy comparisons},
  Author    = {Mohajer, Soheil and Suh, Changho},
  Booktitle = {2016 54th Annual Allerton Conference on Communication, Control, and Computing (Allerton)},
  Year      = {2016},
  Pages     = {875-882},
}

@Article{Xiaoye:2011:MathProg,
   Author    = {Jiang, Xiaoye and Lim, Lek-Heng and Yao, Yuan and Ye, Yinyu},
   Title     = {Statistical ranking and combinatorial Hodge theory},
   Journal   = {Mathematical Programming},
   Year      = {2011},
   Pages     = {203-244},
   Volume    = {127},
   Number    = {1},
}

@techreport{Lawrence:1999:Stanford,
          number = {1999-66},
           month = {November},
          author = {Lawrence Page and Sergey Brin and Rajeev Motwani and Terry Winograd},
            note = {Previous number = SIDL-WP-1999-0120},
           title = {The PageRank Citation Ranking: Bringing Order to the Web.},
            type = {Technical Report},
       publisher = {Stanford InfoLab},
            year = {1999},
     institution = {Stanford InfoLab},
}

@Article{Negahban:2017:OperRes,
   Author    = {Negahban, Sahand and Oh, Sewoong and Shah, Devavrat},
   Title     = {Rank centrality: Ranking from pairwise comparisons},
   Journal   = {Operations Research},
   Year      = {2017},
   Pages     = {266-287},
   Volume    = {65},
   Number    = {1},
}

@Article{Luce:2005:JASA,
   Author    = {Luce, R Duncan},
   Title     = {Individual Choice Behavior: A Theoretical Analysis},
   Journal   = {Journal of the American Statistical Association},
   Year      = {2005},
   Pages     = {1-15},
   Volume    = {67},
   Number    = {293},
}

@Article{Tsai:2006:MathPsy,
   Author    = {Tsai, Rung-Ching and B{\"o}ckenholt, Ulf},
   Title     = {Modelling intransitive preferences: A random-effects approach},
   Journal   = {Journal of Mathematical Psychology},
   Year      = {2006},
   Pages     = {1-14},
   Volume    = {50},
   Number    = {1},
}

@Article{Ford:1957:AMM,
   Author    = {Ford Jr, Lester R},
   Title     = {Solution of a ranking problem from binary comparisons},
   Journal   = {The American Mathematical Monthly},
   Year      = {1957},
   Pages     = {28-33},
   Volume    = {64},
   Number    = {8},
}

@InProceedings{Steffen:2009:UAI,
  Title     = {{BPR:} Bayesian Personalized Ranking from Implicit Feedback},
  Author    = {Steffen Rendle and Christoph Freudenthaler and Zeno Gantner and Lars Schmidt{-}Thieme},
  Booktitle = {{UAI} 2009, Proceedings of the Twenty-Fifth Conference on Uncertainty in Artificial Intelligence, Montreal, QC, Canada, June 18-21, 2009},
  Year      = {2009},
  Pages     = {452-461},
}

@InProceedings{Weike:2013:IJCAI,
  Title     = {Gbpr: Group preference based bayesian personalized ranking for one-class collaborative filtering},
  Author    = {Pan, Weike and Chen, Li},
  Booktitle = {Twenty-Third International Joint Conference on Artificial Intelligence},
  Year      = {2013},
  Pages     = {},
}

@InProceedings{Yu:2018:CIKM,
  Title     = {Multiple pairwise ranking with implicit feedback},
  Author    = {Yu, R. and Zhang, Y. and Ye, Y. and Wu, L. and Wang, C. and Liu, Q. and Chen, E.},
  Booktitle = { Proceedings of the 27th ACM Int. Conference on Information and Knowledge Management, ACM},
  Year      = {2018},
  Pages     = {1727-1730},
}

@Article{Zhao:2019:FGCS,
   Author    = {Zhao, F. and Shen, Y. and Gui, X. and Jin. H},
   Title     = {{SDBPR}: Social distance-aware bayesian personalized ranking for recommendation},
   Journal   = {Future Generation Computer Systems},
   Year      = {2019},
   Pages     = {372-381},
   Volume    = {95},
   Number    = {},
}

@Article{Liu:2020:KBS,
   Author    = {Liu, B. and Chen, T. and Jia, P.  and Wang, L},
   Title     = {Effective public service delivery supported by time-decayed Bayesian personalized ranking. Knowledge-Based Systems},
   Journal   = {Knowledge-Based Systems},
   Year      = {2020},
   Pages     = {10637},
   Volume    = {206},
   Number    = {},
}

@Article{Qiu:2018:IS,
   Author    = {Qiu, H. and Liu, Y. and Guo, G. and Sun, Z. and Zhang, J. and Nguyen, H. T. },
   Title     = {{BPRH}: Bayesian personalized ranking for heterogeneous implicit feedback},
   Journal   = {Information Sciences},
   Year      = {2018},
   Pages     = {80-98},
   Volume    = {453},
   Number    = {},
}

@Article{Pan:2015:KBS,
   Author    = {Pan, W. and Zhong, H. and Xu, C.  and Ming, Z},
   Title     = {Adaptive bayesian personalized ranking for heterogeneous implicit feedbacks. Knowledge-Based Systems},
   Journal   = {Knowledge-Based Systems},
   Year      = {2015},
   Pages     = {173-180},
   Volume    = {73},
   Number    = {},
}

@InProceedings{Lerche:2014:RS,
  Title     = {Using graded implicit feedback for bayesian personalized ranking},
  Author    = {Lerche, Lukas and Jannach, Dietmar},
  Booktitle = {Proceedings of the 8th ACM Conference on Recommender systems},
  Year      = {2014},
  Pages     = {353-356},
}

@Article{Xuejiao:2020:ASC,
   Author    = {Yang, X.  and  Wang, B.},
   Title     = {Local ranking and global fusion for personalized recommendation},
   Journal   = {Applied Soft Computing},
   Year      = {2020},
   Pages     = {106636},
   Volume    = {96},
   Number    = {1},
}

@Article{Dempster:1977:RSS,
   Author    = {Dempster, Arthur P and Laird, Nan M and Rubin, Donald B},
   Title     = {Maximum likelihood from incomplete data via the EM algorithm},
   Journal   = {Journal of the Royal Statistical Society: Series B (Methodological)},
   Year      = {1977},
   Pages     = {1-22},
   Volume    = {39},
   Number    = {1},
}

@Article{Pan:2016:Neurocomputing,
   Author    = {Pan, Weike and Chen, Li},
   Title     = {Group Bayesian personalized ranking with rich interactions for one-class collaborative filtering},
   Journal   = {Neurocomputing},
   Year      = {2016},
   Pages     = {501-510},
   Volume    = {207},
   Number    = {},
}

@Article{McFadden:1974:FE,
   Author    = {McFadden, Daniel},
   Title     = {Conditional logit analysis of qualitative choice behavior},
   Journal   = {Frontiers in Econometrics},
   Year      = {1974},
   Pages     = {},
   Volume    = {},
   Number    = {},
}

@Article{Zhang:2021:Neurocomputing,
   Author    = {Zhang, Qian and Ren, Fuji},
   Title     = {Prior-based bayesian pairwise ranking for one-class collaborative filtering},
   Journal   = {Neurocomputing},
   Year      = {2021},
   Pages     = {365-374},
   Volume    = {440},
   Number    = {2},
}

@InProceedings{Wenhui:2019:WWW,
  Title     = {Spectrum-enhanced Pairwise Learning to Rank},
  Author    = {Yu, Wenhui and Qin, Zheng},
  Booktitle = { World Wide Web Conference},
  Year      = {2019},
  Pages     = {2247-2257},
}

@Article{Madan:1990:Business,
   Author    = {Madan, Dilip B and Seneta, Eugene},
   Title     = {The variance gamma (VG) model for share market returns},
   Journal   = {Journal of business},
   Year      = {1990},
   Pages     = {511-524},
   Volume    = {41},
   Number    = {A},
}

@Article{Senata:2004:ApplyPro,
   Author    = {Seneta,Eugene},
   Title     = {Fitting the variance-gamma model to financial data},
   Journal   = {Journal of applied probability},
   Year      = {2004},
   Pages     = {177-187},
   Volume    = {41},
   Number    = {A},
}

@Article{Tjetjep:2006:ISR,
   Author    = {Tjetjep,Annelies and Seneta,Eugene},
   Title     = {Skewed Normal Variance-Mean Models for Asset Pricing and the Method of Moments},
   Journal   = {International statistical review},
   Year      = {2006},
   Pages     = {109-126},
   Volume    = {74},
   Number    = {1},
}

@InProceedings{Herschtal:2004:ICML,
	Title     = {Optimising area under the ROC curve using gradient descent},
	Author    = {Herschtal, Alan and Raskutti, Bhavani},
	Booktitle = { Proceedings of the twenty-first International conference on Machine learning},
	Year      = {2004},
	Pages     = {49},
}

@InProceedings{Penghua:2016:ICDM,
	Title     = {Sebpr: Semantics enhanced bayesian personalized ranking with comparable item pairst},
	Author    = {Yu, Penghua and Lin, Lanfen},
	Booktitle = {2016 IEEE 16th International Conference on Data Mining Workshops (ICDMW)},
	Year      = {2016},
	Pages     = {1015-1022},
}

@InProceedings{Wang:2012:Datadriven,
	Title     = {Please spread: recommending tweets for retweeting with implicit feedback},
	Author    = {Wang, Sheng and Zhou, Xiaobo and Wang, Ziqi and Zhang, Ming},
	Booktitle = {Proceedings of the 2012 workshop on Data-driven user behavioral modelling and mining from social media},
	Year      = {2012},
	Pages     = {19-22},
}

@InProceedings{Steffen:2014:WSDM,
	Title     = {Improving pairwise learning for item recommendation from implicit feedback},
	Author    = {Rendle, Steffen and Freudenthaler, Christoph},
	Booktitle = {Proceedings of the 7th ACM international conference on Web Search and Data Mining},
	Year      = {2014},
	Pages     = {273-282},
}

@Article{Bin:2020:IS,
	Author    = {Wu, Bin and Ye, Yangdong},
	Title     = {BSPR: Basket-sensitive personalized ranking for product recommendation},
	Journal   = {Information Sciences},
	Year      = {2020},
	Pages     = {185-206},
	Volume    = {541},
	Number    = {1},
}

@Article{Bin:2020:IS,
	Author    = {Wu, Bin and Ye, Yangdong},
	Title     = {BSPR: Basket-sensitive personalized ranking for product recommendation},
	Journal   = {Information Sciences},
	Year      = {2020},
	Pages     = {185-206},
	Volume    = {541},
	Number    = {1},
}

@Article{Linero-Bas:2021:MJM,
	Author    = {Linero-Bas, A.  and D Nieves-Roldán},
	Title     = {A Generalization of the Monotone Convergence Theorem},
	Journal   = {Mediterranean Journal of Mathematics},
	Year      = {2021},
	Pages     = {1-10},
	Volume    = {18},
	Number    = {4},
}

@book{Arrow:2012,
	author    = {Kenneth J. Arrow},
	title     = {Social Choice and Individual Values},
	year      = {2012},
	publisher = {Yale University Press},
	ISBN      = {9780300186987}
}

@Article{Zhang:2018:TNNLS,
	Author    = {Zhang, Qian and Lu, Jie and Wu, Dianshuang and Zhang, Guangquan},
	Title     = {A Cross-Domain Recommender System With Kernel-Induced Knowledge Transfer for Overlapping Entities},
	Journal   = {IEEE Transactions on Neural Networks and Learning Systems},
	Year      = {2018},
	Pages     = {1998-2012},
	Volume    = {30},
	Number    = {7},
}

@Article{Duan:2021:TNNLS,
	Author    = {Duan, Shiyu and Yu, Shujian and Pr{\'\i}ncipe, Jos{\'e} C},
	Title     = {Modularizing deep learning via pairwise learning with kernels},
	Journal   = {IEEE Transactions on Neural Networks and Learning Systems},
	Year      = {2021},
	Pages     = {1-11},
	Volume    = {},
	Number    = {},
}

@Article{Huang:2021:TNNLS,
	Author    = {Huang, Tianlin and Zhao, Rujie and Bi, Lvqing and Zhang, Defu and Lu, Chao},
	Title     = {Neural Embedding Singular Value Decomposition for Collaborative Filtering},
	Journal   = {IEEE Transactions on Neural Networks and Learning Systems},
	Year      = {2021},
	Pages     = {1-9},
	Volume    = {},
	Number    = {},
}

@InProceedings{Yang:2019:SIGIR,
	Title     = {Local Matrix Approximation based on Graph Random Walk},
	Author    = {Yang, Xuejiao and Wang, Bang},
	Booktitle = {Proceedings of the International ACM SIGIR Conference on Research and Development in Information Retrieval},
	Year      = {2019},
	Pages     = {},
}

@Article{Yang:2020:IS,
	Author    = {Yang, Xuejiao and  Wang, Bang},
	Title     = {Destructure-and-restructure matrix approximation},
	Journal   = {Information Sciences},
	Year      = {2020},
	Pages     = {434-448},
	Volume    = {514},
	Number    = {2020},
}

@inproceedings{Ai:2018:SIGIR,
  title={Learning a deep listwise context model for ranking refinement},
  author={Ai, Qingyao and Bi, Keping and Guo, Jiafeng and Croft, W Bruce},
  booktitle={The 41st International ACM SIGIR Conference on Research and Development in Information Retrieval},
  pages={135--144},
  year={2018}
}

@article{Menon:2018:ML,
  title={Learning from binary labels with instance-dependent noise},
  author={Menon, Aditya Krishna and Van Rooyen, Brendan and Natarajan, Nagarajan},
  journal={Machine Learning},
  volume={107},
  pages={1561--1595},
  year={2018},
  publisher={Springer}
}

@inproceedings{patrini:2017:CVPR,
  title={Making deep neural networks robust to label noise: A loss correction approach},
  author={Patrini, Giorgio and Rozza, Alessandro and Krishna Menon, Aditya and Nock, Richard and Qu, Lizhen},
  booktitle={Proceedings of the IEEE Conference on Computer Vision and Pattern Recognition},
  pages={1944--1952},
  year={2017}
}

@inproceedings{xia:2019:NIPS,
  title={Are anchor points really indispensable in label-noise learning?},
  author={Xia, Xiaobo and Liu, Tongliang and Wang, Nannan and Han, Bo and Gong, Chen and Niu, Gang and Sugiyama, Masashi},
  booktitle={Proceedings of the International Conference on Neural Information Processing Systems},
  volume={32},
  year={2019}
}


@inproceedings{Van:2017:JMLR,
author = {Van Rooyen, Brendan and Williamson, Robert C.},
title = {A Theory of Learning with Corrupted Labels},
year = {2017},
booktitle = {JMLR},
volume = {18},
}

@Article{Oord:2018:arxiv,
	Author    = {Oord, Aaron van den and Li, Yazhe and Vinyals, Orio},
	Title     = {Representation learning with contrastive predictive coding},
	Journal   = {arXiv preprint arXiv:1807.03748},
	Year      = {2018},
	Pages     = {},
	Volume    = {},
	Number    = {},
}

@InProceedings{Chuang:2020:NIPS,
Title     = {Debiased Contrastive Learning},
Author    = {Chuang, Ching-Yao and Robinson, Joshua and Lin, Yen-Chen and Torralba, Antonio and Jegelka, Stefanie},
Booktitle = {Proceedings of the International Conference on Neural Information Processing Systems},
Year      = {2020},
Pages     = {8765--8775},
}


@InProceedings{Robinson:2021:ICLR,
Title     = {Contrastive Learning with Hard Negative Samples},
Author    = {Robinson,Joshua and Ching-Yao,Chuang and Sra,Suvrit and Jegelka,Stefanie},
Booktitle = {International Conference on Learning Representations},
Year      = {2021},
Pages     = {},
}

@InProceedings{Ben:2019:ICML,
Title     = {On Variational Bounds of Mutual Information},
Author    = {Ben Poole and Sherjil Ozair and Aaron van den Oord and Alexander A. Alemi and George Tucker},
Booktitle = {International Conference on Machine Learning},
Year      = {2019},
Pages     = {5171--5180},
}

@InProceedings{Feng:2021:CVPR,
Title     = {Understanding the Behaviour of Contrastive Loss},
Author    = {Feng Wang and Huaping Liu},
Booktitle = {Proceedings of the IEEE/CVF conference on Computer Vision and Pattern Recognition},
Year      = {2021},
Pages     = {2495--2504},
}

@InProceedings{Chen:2020:ICML,
Title     = {A Simple Framework for Contrastive Learning of Visual Representations},
Author    = {Chen, Ting and Kornblith, Simon and Norouzi, Mohammad and Hinton, Geoffrey},
Booktitle = {International Conference on Machine Learning},
Year      = {2020},
Pages     = {1597--1607},
}

@InProceedings{Gutmann:2010:ICAIS,
Title     = {Noise-contrastive estimation: A new estimation principle for unnormalized statistical models},
Author    = {Gutmann, Michael and Hyv{\"a}rinen, Aapo},
Booktitle = {Proceedings of the thirteenth international conference on artificial intelligence and statistics},
Year      = {2010},
Pages     = {297--304},
}

@Article{gutmann:2012:JMLR,
  title={Noise-Contrastive Estimation of Unnormalized Statistical Models, with Applications to Natural Image Statistics.},
  author={Gutmann, Michael U and Hyv{\"a}rinen, Aapo},
  journal={Journal of Machine Learning Research},
  volume={13},
  number={2},
  year={2012}
}

@InProceedings{Arora:2019:ICML,
Title     = {A Theoretical Analysis of Contrastive Unsupervised Representation Learning},
Author    = {Arora, Sanjeev and Khandeparkar, Hrishikesh and Khodak, Mikhail and Plevrakis, Orestis and Saunshi, Nikunj},
Booktitle = {International Conference on Machine Learning},
Year      = {2019},
Pages     = {5628--5637},
}

@InProceedings{Yannis:2020:NIPS,
Title     = {Hard negative mixing for contrastive learning},
Author    = {Yannis, Kalantidis and Mert, Bulent, Sariyildiz and Noe, Pion and Philippe, Weinzaepfel and Diane, Larlus.},
Booktitle = {Proceedings of the International Conference on Neural Information Processing Systems},
Year      = {2020},
Pages     = {21798--21809},
}

@article{glivenko:1933,
  title={Sulla determinazione empirica delle leggi di probabilita},
  author={Glivenko, Valery},
  journal={Gion. Ist. Ital. Attauri.},
  volume={4},
  pages={92--99},
  year={1933}
}

@Article{Dempster:1977:RSS,
	Author    = {Dempster, Arthur P and Laird, Nan M and Rubin, Donald B},
	Title     = {Maximum likelihood from incomplete data via the EM algorithm},
	Journal   = {Journal of the Royal Statistical Society: Series B (Methodological)},
	Year      = {1977},
	Pages     = {1-22},
	Volume    = {39},
	Number    = {1},
}

@InProceedings{Xia:2022:ICML,
Title     = {ProGCL: Rethinking Hard Negative Mining in Graph Contrastive Learning},
Author    = {Xia, Jun and Wu, Lirong and Wang, Ge and Chen, Jintao and Li, Stan Z.},
Booktitle = {International Conference on Machine Learning},
Year      = {2022},
Pages     = {24332--24346},
}

@book{Lindsay:1995,
author = {Lindsay, Bruce},
year = {1995},
pages = {},
title = {Mixture Models: Theory, Geometry and Applications},
isbn = {0-94-0600-32-3},
doi = {}
}

@book{David:2004,
author = {David,H. A. and Nagaraja,H. N.},
year = {2004},
pages = {},
title = {Order statistics},
isbn = {9780471654018},
doi = {}
}

@InProceedings{He:2016:CVPR,
Title     = {Deep residual learning for image recognition},
Author    = {He,Kaiming and Zhang,Xiangyu and Ren, Shaoqing and Sun, Jian},
Booktitle = {Proceedings of the IEEE/CVF conference on Computer Vision and Pattern Recognition},
Year      = {2016},
Pages     = {770–778},
}

@InProceedings{Krizhevsky:2012,
Title     = {Learning multiple layers of features from tiny images},
Author    = {Krizhevsky, A. and Hinton, G.},
Booktitle = {},
Year      = {2009},
Pages     = {},
}


@InProceedings{Adam:2011:ICAIS,
Title     = {An analysis of single-layer networks in unsupervised feature learning},
Author    = {Adam,Coates and Andrew, Ng and Honglak,Lee},
Booktitle = {Proceedings of the fourteenth international conference on artificial intelligence and statistics},
Year      = {2011},
Pages     = {215–223},
}

@InProceedings{Adam:2015:ICLR,
Title     = {Adam: A method for stochastic optimization},
Author    = {Diederik, P.Kingma and Jimmy, Ba},
Booktitle = {International Conference on Learning Representations},
Year      = {2015},
Pages     = {},
}

@InProceedings{Adam:2015:ICLR,
  title={Adam: A method for stochastic optimization},
  author={Kingma, Diederik P and Ba, Jimmy},
  Booktitle={International Conference on Learning Representations},
  year={2014}
}

@InProceedings{Belghazi:2018:ICML,
Title     = {MINE:Mutual Information Neural Estimation},
Author    = {Belghazi, M. I.  and  Baratin, A.  and  Rajeswar, S.  and  Ozair, S.  and  Bengio, Y.  and  Courville, A.  and  Hjelm, R. D.},
Booktitle = {International Conference on Machine Learning},
Year      = {2018},
Pages     = {},
}

@inproceedings{misra:2020:CVPR,
  title={Self-supervised learning of pretext-invariant representations},
  author={Misra, Ishan and Maaten, Laurens van der},
  booktitle={Proceedings of the IEEE/CVF conference on Computer Vision and Pattern Recognition},
  pages={6707--6717},
  year={2020}
}

@article{chaitanya:2020:NIPS,
  title={Contrastive learning of global and local features for medical image segmentation with limited annotations},
  author={Chaitanya, Krishna and Erdil, Ertunc and Karani, Neerav and Konukoglu, Ender},
  journal={Advances in neural information processing systems},
  volume={33},
  pages={12546--12558},
  year={2020}
}

@inproceedings{Chopra:2005:CVPR,
  title={Learning a similarity metric discriminatively, with application to face verification},
  author={Chopra, Sumit and Hadsell, Raia and LeCun, Yann},
  booktitle={Proceedings of the IEEE/CVF conference on Computer Vision and Pattern Recognition},
  pages={539--546},
  year={2005},
}

@inproceedings{Hadsell:2006:CVPR,
  title={Dimensionality reduction by learning an invariant mapping},
  author={Hadsell, Raia and Chopra, Sumit and LeCun, Yann},
  booktitle={Proceedings of the IEEE/CVF conference on Computer Vision and Pattern Recognition},
  pages={1735--1742},
  year={2006},
}

@inproceedings{Tian:2020:ECCV,
  title={Contrastive multiview coding},
  author={Tian, Yonglong and Krishnan, Dilip and Isola, Phillip},
  booktitle={ECCV},
  pages={776--794},
  year={2020},
}

@article{Liu:2021:TKDE,
  title={Self-supervised learning: Generative or contrastive},
  author={Liu, Xiao and Zhang, Fanjin and Hou, Zhenyu and Mian, Li and Wang, Zhaoyu and Zhang, Jing and Tang, Jie},
  journal={IEEE Transactions on Knowledge and Data Engineering},
  year={2021},
  publisher={IEEE}
}

@inproceedings{Wang:2020:ICML,
  title={Understanding contrastive representation learning through alignment and uniformity on the hypersphere},
  author={Wang, Tongzhou and Isola, Phillip},
  booktitle={International Conference on Machine Learning},
  pages={9929--9939},
  year={2020},
}

@article{Devlin:2018:bert,
  title={Bert: Pre-training of deep bidirectional transformers for language understanding},
  author={Devlin, Jacob and Chang, Ming-Wei and Lee, Kenton and Toutanova, Kristina},
  journal={arXiv preprint arXiv:1810.04805},
  year={2018}
}

@inproceedings{He:2020:CVPR,
  title={Momentum contrast for unsupervised visual representation learning},
  author={He, Kaiming and Fan, Haoqi and Wu, Yuxin and Xie, Saining and Girshick, Ross},
  booktitle={Proceedings of the IEEE/CVF conference on Computer Vision and Pattern Recognition},
  pages={9729--9738},
  year={2020}
}

@inproceedings{wu2018unsupervised,
  title={Unsupervised feature learning via non-parametric instance discrimination},
  author={Wu, Zhirong and Xiong, Yuanjun and Yu, Stella X and Lin, Dahua},
  booktitle={Proceedings of the IEEE conference on computer vision and pattern recognition},
  pages={3733--3742},
  year={2018}
}

@inproceedings{Dosovitskiy:2014:NIPS,
  title={Discriminative unsupervised feature learning with convolutional neural networks},
  author={Dosovitskiy, Alexey and Springenberg, Jost Tobias and Riedmiller, Martin and Brox, Thomas},
  booktitle={Proceedings of the International Conference on Neural Information Processing Systems},
  pages={766–774},
  year={2014}
}

@article{Hjelm:2018:Arxiv,
  title={Learning deep representations by mutual information estimation and maximization},
  author={Hjelm, R Devon and Fedorov, Alex and Lavoie-Marchildon, Samuel and Grewal, Karan and Bachman, Phil and Trischler, Adam and Bengio, Yoshua},
  journal={arXiv preprint arXiv:1808.06670},
  year={2018}
}

@inproceedings{Saunshi:2019:ICML,
  title={A theoretical analysis of contrastive unsupervised representation learning},
  author={Saunshi, Nikunj and Plevrakis, Orestis and Arora, Sanjeev and Khodak, Mikhail and Khandeparkar, Hrishikesh},
  booktitle={International Conference on Machine Learning},
  pages={5628--5637},
  year={2019},
}

@inproceedings{Henaff:2020:ICML,
  title={Data-efficient image recognition with contrastive predictive coding},
  author={Henaff, Olivier},
  booktitle={International Conference on Machine Learning},
  pages={4182--4192},
  year={2020},
}

@inproceedings{Khosla:2020:NIPS,
  title={Supervised contrastive learning},
  author={Khosla, Prannay and Teterwak, Piotr and Wang, Chen and Sarna, Aaron and Tian, Yonglong and Isola, Phillip and Maschinot, Aaron and Liu, Ce and Krishnan, Dilip},
  booktitle={Proceedings of the International Conference on Neural Information Processing Systems},
  pages={18661--18673},
  year={2020}
}

@article{Chen:2020:NIPS,
  title={Big self-supervised models are strong semi-supervised learners},
  author={Chen, Ting and Kornblith, Simon and Swersky, Kevin and Norouzi, Mohammad and Hinton, Geoffrey E},
  journal={Proceedings of the International Conference on Neural Information Processing Systems},
  volume={33},
  pages={22243--22255},
  year={2020}
}

@article{Xu:2022:Arxiv,
  title={Negative Sampling for Contrastive Representation Learning: A Review},
  author={Xu, Lanling and Lian, Jianxun and Zhao, Wayne Xin and Gong, Ming and Shou, Linjun and Jiang, Daxin and Xie, Xing and Wen, Ji-Rong},
  journal={arXiv preprint arXiv:2206.00212},
  year={2022}
}

@article{Bachman:2019:NIPS,
  title={Learning representations by maximizing mutual information across views},
  author={Bachman, Philip and Hjelm, R Devon and Buchwalter, William},
  booktitle={Proceedings of the International Conference on Neural Information Processing Systems},
  year={2019}
}

@article{chen2020improved,
  title={Improved baselines with momentum contrastive learning},
  author={Chen, Xinlei and Fan, Haoqi and Girshick, Ross and He, Kaiming},
  journal={arXiv preprint arXiv:2003.04297},
  year={2020}
}

@inproceedings{Huang:2019:ICML,
  title={Unsupervised deep learning by neighbourhood discovery},
  author={Huang, Jiabo and Dong, Qi and Gong, Shaogang and Zhu, Xiatian},
  booktitle={International Conference on Machine Learning},
  pages={2849--2858},
  year={2019},
}

@inproceedings{Wu:2018:CVPR,
  title={Unsupervised feature learning via non-parametric instance discrimination},
  author={Wu, Zhirong and Xiong, Yuanjun and Yu, Stella X and Lin, Dahua},
  booktitle={Proceedings of the IEEE/CVF conference on Computer Vision and Pattern Recognition},
  pages={3733--3742},
  year={2018}
}

@inproceedings{Zhuang:2019:CVPR,
  title={Local aggregation for unsupervised learning of visual embeddings},
  author={Zhuang, Chengxu and Zhai, Alex Lin and Yamins, Daniel},
  booktitle={Proceedings of the IEEE/CVF conference on Computer Vision and Pattern Recognition},
  pages={6002--6012},
  year={2019}
}

@inproceedings{Komodakis:2018:ICLR,
  title={Unsupervised representation learning by predicting image rotations},
  author={Komodakis, Nikos and Gidaris, Spyros},
  booktitle={International Conference on Learning Representations},
  year={2018}
}

@article{DeVries:2017:arXiv,
  title={Improved regularization of convolutional neural networks with cutout},
  author={DeVries, Terrance and Taylor, Graham W},
  journal={arXiv preprint arXiv:1708.04552},
  year={2017}
}

@inproceedings{Szegedy:2015:CVPR,
  title={Going deeper with convolutions},
  author={Szegedy, Christian and Liu, Wei and Jia, Yangqing and Sermanet, Pierre and Reed, Scott and Anguelov, Dragomir and Erhan, Dumitru and Vanhoucke, Vincent and Rabinovich, Andrew},
  booktitle={Proceedings of the IEEE/CVF conference on Computer Vision and Pattern Recognition},
  pages={1--9},
  year={2015}
}

@Article{Jessa:2020:ML,
	Author    = {Jessa, Bekker and Jesse, Davis1},
	Title     = {Learning from positive and unlabeled data: a survey},
	Journal   = {Machine Learning},
	Year      = {2020},
	Pages     = {719–760},
	Volume    = {109},
	Number    = {},
}

@inproceedings{Du:2015:ICML,
  title={Convex formulation for learning from positive and unlabeled data},
  author={Du Plessis, Marthinus and Niu, Gang and Sugiyama, Masashi},
  booktitle={International conference on machine learning},
  pages={1386--1394},
  year={2015},
  organization={PMLR}
}

@inproceedings{Du:2014:NIPS,
  title={Analysis of learning from positive and unlabeled data},
  author={Du Plessis, Marthinus C and Niu, Gang and Sugiyama, Masashi},
  booktitle={Proceedings of the International Conference on Neural Information Processing Systems},
  year={2014}
}

@inproceedings{Kiryo:2017:NIPS,
  title={Positive-unlabeled learning with non-negative risk estimator},
  author={Kiryo, Ryuichi and Niu, Gang and Du Plessis, Marthinus C and Sugiyama, Masashi},
  booktitle={Proceedings of the International Conference on Neural Information Processing Systems},
  year={2017}
}

@book{Mardia:2000,
  title={Directional statistics},
  author={Mardia, Kanti V and Jupp, Peter E and Mardia, KV},
  volume={2},
  year={2000},
  publisher={Wiley Online Library}
}

@book{Hesterberg:1988,
  title={Advances in importance sampling},
  author={Hesterberg, Timothy Classen},
  year={1988},
  publisher={Stanford University}
}

@article{Bengio:2008:TNN,
  title={Adaptive importance sampling to accelerate training of a neural probabilistic language model},
  author={Bengio, Yoshua and Sen{\'e}cal, Jean-S{\'e}bastien},
  journal={IEEE Transactions on Neural Networks},
  volume={19},
  number={4},
  pages={713--722},
  year={2008},
  publisher={IEEE}
}

@article{casella2004generalized,
  title={Generalized accept-reject sampling schemes},
  author={Casella, George and Robert, Christian P and Wells, Martin T},
  journal={Lecture Notes-Monograph Series},
  pages={342--347},
  year={2004},
  publisher={JSTOR}
}

@InProceedings{Lajanugen:2018:ICLR,
Title     = {An efficient framework for learning sentence representations},
Author    = {Lajanugen, Logeswaran and Honglak, Lee.},
Booktitle = {International Conference on Learning Representations},
Year      = {2018},
Pages     = {},
}

@InProceedings{Alec:2018,
Title     = {Improving language understanding by generative pre-training},
Author    = {Alec, Radford and Karthik, Narasimhan and Tim, Salimans and Ilya, Sutskever},
Booktitle = {},
Year      = {2018},
Pages     = {},
}

@InProceedings{Alec:2019,
Title     = {Language models are unsupervised multitask learners},
Author    = {Alec, Radford and Jeffrey, Wu and Rewon, Child and David, Luan and Dario, Amodei and Ilya, Sutskever},
Booktitle = {},
Year      = {2019},
Pages     = {},
}

@InProceedings{Florian:2015:CVPR,
Title     = {Facenet: A unified embedding for face recognition and clustering},
Author    = {Florian, Schroff and Dmitry, Kalenichenko and James, Philbin},
Booktitle = {Proceedings of the IEEE/CVF conference on Computer Vision and Pattern Recognition},
Year      = {2015},
Pages     = {815–823},
}

@InProceedings{Song:2016:CVPR,
Title     = {Deep metric learning via lifted structured feature embedding},
Author    = {Hyun,Oh, Song and Yu, Xiang and Stefanie, Jegelka and Silvio, Savarese},
Booktitle = {Proceedings of the IEEE/CVF conference on Computer Vision and Pattern Recognition},
Year      = {2016},
Pages     = {4004–4012},
}

@InProceedings{Arpit:2017:ICML,
Title     = {A closer look at memorization in deep networks},
Author    = {Arpit, Devansh and Jastrzkebski, Stanislaw and Ballas, Nicolas and Krueger, David and Bengio, Emmanuel and Kanwal, Maxinder S and Maharaj, Tegan and Fischer, Asja and Courville, Aaron and Bengio, Yoshua and others},
Booktitle = {International conference on machine learning},
Year      = {2017},
Pages     = {233--242},
}

@article{zhang2021understanding,
  title={Understanding deep learning (still) requires rethinking generalization},
  author={Zhang, Chiyuan and Bengio, Samy and Hardt, Moritz and Recht, Benjamin and Vinyals, Oriol},
  journal={Communications of the ACM},
  volume={64},
  number={3},
  pages={107--115},
  year={2021},
  publisher={ACM New York, NY, USA}
}

@InProceedings{Han:2018:NIPS,
Title     = {Co-teaching: Robust training of deep neural networks with extremely noisy labels},
Author    = {Han, Bo and Yao, Quanming and Yu, Xingrui and Niu, Gang and Xu, Miao and Hu, Weihua and Tsang, Ivor and Sugiyama, Masashi},
Booktitle = {Advances in neural information processing systems},
Year      = {2018},
Pages     = {31},
}

@inproceedings{li2020gradient,
  title={Gradient descent with early stopping is provably robust to label noise for overparameterized neural networks},
  author={Li, Mingchen and Soltanolkotabi, Mahdi and Oymak, Samet},
  booktitle={International conference on artificial intelligence and statistics},
  pages={4313--4324},
  year={2020},
  organization={PMLR}
}

@article{liu2015classification,
  title={Classification with noisy labels by importance reweighting},
  author={Liu, Tongliang and Tao, Dacheng},
  journal={IEEE Transactions on pattern analysis and machine intelligence},
  volume={38},
  number={3},
  pages={447--461},
  year={2015},
  publisher={IEEE}
}

@inproceedings{Wang:2021:WSDM,
  title={Denoising implicit feedback for recommendation},
  author={Wang, Wenjie and Feng, Fuli and He, Xiangnan and Nie, Liqiang and Chua, Tat-Seng},
  booktitle={Proceedings of the 14th ACM international conference on web search and data mining},
  pages={373--381},
  year={2021}
}

@InProceedings{Dwork:2001:WWW,
	Title     ={Rank aggregation methods for the Web},
	Author    ={Dwork, C.  and  Kumar, R.  and  Naor, M.  and  Sivakumar, D.},
	Booktitle ={Proceedings of the 10th international conference on World Wide Web},
	Year      ={2001},
	Pages     ={613-622},
}

@Article{Ailon:2010:MachineLearning,
	Author    = {Ailon, N.  and  Mohri, M.},
	Title     = {Preference-based learning to rank},
	Journal   = {Machine Learning},
	Year      = {2010},
	Pages     = {189-211},
	Volume    = {80},
	Number    = {2-3},
}

@Article{Bradley:1952:Biometrika,
	Author    = {Ralph A. Bradley and Milton E. Terry},
	Title     = {Rank Analysis of Incomplete Block Designs: I. The Method of Paired Comparisons},
	Journal   = {Biometrika},
	Year      = {1952},
	Pages     = {324-345},
	Volume    = {39},
	Number    = {3/4},
}

@InProceedings{Yuxin:2015ITW,
	Title     ={Top-K ranking: An information-theoretic perspective},
	Author    ={Yuxin Chen and Changho Suh},
	Booktitle ={2015 IEEE Information Theory Workshop - Fall (ITW)},
	Year      ={2015},
	Pages     ={212-213},
}

@inproceedings{BYOL:2020:NIPS,
author = {Grill, Jean-Bastien and Strub, Florian and Altch\'{e}, Florent and Tallec, Corentin and Richemond, Pierre H. and Buchatskaya, Elena and Doersch, Carl and Pires, Bernardo Avila and Guo, Zhaohan Daniel and Azar, Mohammad Gheshlaghi and Piot, Bilal and Kavukcuoglu, Koray and Munos, R\'{e}mi and Valko, Michal},
title = {Bootstrap Your Own Latent a New Approach to Self-Supervised Learning},
year = {2020},
booktitle = {Proceedings of the 34th International Conference on Neural Information Processing Systems},
pages = {21271-21284},
}

@article{jing2021understanding,
  title={Understanding dimensional collapse in contrastive self-supervised learning},
  author={Jing, Li and Vincent, Pascal and LeCun, Yann and Tian, Yuandong},
  journal={International Conference on Learning Representations},
  year={2021}
}

@InProceedings{Dwork:2001:WWW,
	Title     ={Rank aggregation methods for the Web},
	Author    ={Dwork, C.  and  Kumar, R.  and  Naor, M.  and  Sivakumar, D.},
	Booktitle ={Proceedings of the 10th international conference on World Wide Web},
	Year      ={2001},
	Pages     ={613-622},
}

@InProceedings{Maystre:2017:ICML,
	Title     ={Just Sort It! A Simple and Effective Approach to Active Preference Learning},
	Author    ={Maystre, Lucas and Grossglauser, Matthias},
	Booktitle ={Proceedings of the 34th International Conference on Machine Learning},
	Year      ={2017},
	Pages     ={2344-2353},
}

@Article{Ailon:2010:MachineLearning,
	Author    = {Ailon, N.  and  Mohri, M.},
	Title     = {Preference-based learning to rank},
	Journal   = {Machine Learning},
	Year      = {2010},
	Pages     = {189-211},
	Volume    = {80},
	Number    = {2-3},
}

@InProceedings{Chen:2013:WSDM,
	Title     = {Pairwise Ranking Aggregation in a Crowdsourced Setting},
	Author    = {Chen, X.  and  Bennett, P. N.  and  Collins-Thompson, K.  and  Horvitz, E.},
	Booktitle = {Proceedings of the sixth ACM international conference on Web search and data mining},
	Year      = {2013},
	Pages     = {193--202},
}

@InProceedings{Mohajer:2016:ACCC,
	Title     = {Active top-K ranking from noisy comparisons},
	Author    = {Mohajer, Soheil and Suh, Changho},
	Booktitle = {2016 54th Annual Allerton Conference on Communication, Control, and Computing (Allerton)},
	Year      = {2016},
	Pages     = {875-882},
}

@Article{Xiaoye:2011:MathProg,
	Author    = {Jiang, Xiaoye and Lim, Lek-Heng and Yao, Yuan and Ye, Yinyu},
	Title     = {Statistical ranking and combinatorial Hodge theory},
	Journal   = {Mathematical Programming},
	Year      = {2011},
	Pages     = {203-244},
	Volume    = {127},
	Number    = {1},
}

@techreport{Lawrence:1999:Stanford,
	number = {1999-66},
	month = {November},
	author = {Lawrence Page and Sergey Brin and Rajeev Motwani and Terry Winograd},
	note = {Previous number = SIDL-WP-1999-0120},
	title = {The PageRank Citation Ranking: Bringing Order to the Web.},
	type = {Technical Report},
	publisher = {Stanford InfoLab},
	year = {1999},
	institution = {Stanford InfoLab},
}

@Article{Negahban:2017:OperRes,
	Author    = {Negahban, Sahand and Oh, Sewoong and Shah, Devavrat},
	Title     = {Rank centrality: Ranking from pairwise comparisons},
	Journal   = {Operations Research},
	Year      = {2017},
	Pages     = {266-287},
	Volume    = {65},
	Number    = {1},
}

@Article{Luce:2005:JASA,
	Author    = {Luce, R Duncan},
	Title     = {Individual Choice Behavior: A Theoretical Analysis},
	Journal   = {Journal of the American Statistical Association},
	Year      = {2005},
	Pages     = {1-15},
	Volume    = {67},
	Number    = {293},
}

@Article{Tsai:2006:MathPsy,
	Author    = {Tsai, Rung-Ching and B{\"o}ckenholt, Ulf},
	Title     = {Modelling intransitive preferences: A random-effects approach},
	Journal   = {Journal of Mathematical Psychology},
	Year      = {2006},
	Pages     = {1-14},
	Volume    = {50},
	Number    = {1},
}

@Article{Ford:1957:AMM,
	Author    = {Ford Jr, Lester R},
	Title     = {Solution of a ranking problem from binary comparisons},
	Journal   = {The American Mathematical Monthly},
	Year      = {1957},
	Pages     = {28-33},
	Volume    = {64},
	Number    = {8},
}

@InProceedings{Weike:2013:IJCAI,
	Title     = {Gbpr: Group preference based bayesian personalized ranking for one-class collaborative filterin},
	Author    = {Pan, Weike and Chen, Li},
	Booktitle = {Twenty-Third International Joint Conference on Artificial Intelligence},
	Year      = {2013},
	Pages     = {},
}

@InProceedings{Yu:2018:CIKM,
	Title     = {Multiple pairwise ranking with implicit feedback},
	Author    = {Yu, Runlong and Zhang, Yunzhou and Ye, Yuyang and Wu, Le and Wang, Chao and Liu, Qi and Chen, Enhong},
	Booktitle = { Proceedings of the 27th ACM Int. Conference on Information and Knowledge Management, ACM},
	Year      = {2018},
	Pages     = {1727-1730},
}

@InProceedings{Steffen:2009:UAI,
	Title     = {BPR: Bayesian Personalized Ranking from Implicit Feedback},
	Author    = {Steffen Rendle and Christoph Freudenthaler and Zeno Gantner and Lars Schmidt{-}Thieme},
	Booktitle = {UAI 2009, Proceedings of the Twenty-Fifth Conference on Uncertainty in Artificial Intelligence, Montreal, QC, Canada, June 18-21, 2009},
	Year      = {2009},
	Pages     = {452-461},
}

@Article{Zhao:2019:FGCS,
	Author    = {Zhao, F. and Shen, Y. and Gui, X. and Jin. H},
	Title     = {{SDBPR}: Social distance-aware bayesian personalized ranking for recommendation},
	Journal   = {Future Generation Computer Systems},
	Year      = {2019},
	Pages     = {372-381},
	Volume    = {95},
	Number    = {},
}

@Article{Liu:2020:KBS,
	Author    = {Liu, B. and Chen, T. and Jia, P.  and Wang, L},
	Title     = {Effective public service delivery supported by time-decayed Bayesian personalized ranking. Knowledge-Based Systems},
	Journal   = {Knowledge-Based Systems},
	Year      = {2020},
	Pages     = {10637},
	Volume    = {206},
	Number    = {},
}

@article{Jiancan:2022:arxiv,
  author       = {Jiancan Wu and Xiang Wang and Xingyu Gao and Jiawei Chen and Hongcheng Fu and Tianyu Qiu andXiangnan He},
  title        = {On the Effectiveness of Sampled Softmax Loss for Item Recommendation},
  journal      = {arXiv preprint arXiv:2201.02327},
  year         = {2022},
}

@Article{Qiu:2018:IS,
	Author    = {Qiu, H. and Liu, Y. and Guo, G. and Sun, Z. and Zhang, J. and Nguyen, H. T. },
	Title     = {{BPRH}: Bayesian personalized ranking for heterogeneous implicit feedback},
	Journal   = {Information Sciences},
	Year      = {2018},
	Pages     = {80-98},
	Volume    = {453},
	Number    = {},
}

@Article{Pan:2015:KBS,
	Author    = {Pan, W. and Zhong, H. and Xu, C.  and Ming, Z},
	Title     = {Adaptive bayesian personalized ranking for heterogeneous implicit feedbacks. Knowledge-Based Systems},
	Journal   = {Knowledge-Based Systems},
	Year      = {2015},
	Pages     = {173-180},
	Volume    = {73},
	Number    = {},
}

@InProceedings{Lerche:2014:RS,
	Title     = {Using graded implicit feedback for bayesian personalized ranking},
	Author    = {Lerche, Lukas and Jannach, Dietmar},
	Booktitle = {Proceedings of the 8th ACM Conference on Recommender systems},
	Year      = {2014},
	Pages     = {353-356},
}

@inproceedings{yeh:2022:ECCV,
  title={Decoupled contrastive learning},
  author={Yeh, Chun-Hsiao and Hong, Cheng-Yao and Hsu, Yen-Chi and Liu, Tyng-Luh and Chen, Yubei and LeCun, Yann},
  booktitle={European Conference on Computer Vision},
  pages={668--684},
  year={2022},
  organization={Springer}
}

@InProceedings{Li:2021:ICLR,
	Title     = {Prototypical Contrastive Learning of Unsupervised Representations},
	Author    = {{Li}, Junnan and {Zhou}, Pan and {Xiong}, Caiming and {Hoi}, Steven C.~H.},
	Booktitle = {International Conference on Learning Representations},
	Year      = {2021},
	Pages     = {353-356},
}

@inproceedings{shuai2022review,
  title={A review-aware graph contrastive learning framework for recommendation},
  author={Shuai, Jie and Zhang, Kun and Wu, Le and Sun, Peijie and Hong, Richang and Wang, Meng and Li, Yong},
  booktitle={Proceedings of the 45th International ACM SIGIR Conference on Research and Development in Information Retrieval},
  pages={1283--1293},
  year={2022}
}
@Article{Xuejiao:2020:ASC,
	Author    = {Yang, Xuejiao.  and  Wang, Bang.},
	Title     = {Local ranking and global fusion for personalized recommendation},
	Journal   = {Applied Soft Computing},
	Year      = {2020},
	Pages     = {106636},
	Volume    = {96},
	Number    = {1},
}

@Article{Dempster:1977:RSS,
	Author    = {Dempster, Arthur P and Laird, Nan M and Rubin, Donald B},
	Title     = {Maximum likelihood from incomplete data via the EM algorithm},
	Journal   = {Journal of the Royal Statistical Society: Series B (Methodological)},
	Year      = {1977},
	Pages     = {1-22},
	Volume    = {39},
	Number    = {1},
}

@Article{Pan:2016:Neurocomputing,
	Author    = {Pan, Weike and Chen, Li},
	Title     = {Group Bayesian personalized ranking with rich interactions for one-class collaborative filtering},
	Journal   = {Neurocomputing},
	Year      = {2016},
	Pages     = {501-510},
	Volume    = {207},
	Number    = {},
}

@Article{McFadden:1974:FE,
	Author    = {McFadden, Daniel},
	Title     = {Conditional logit analysis of qualitative choice behavior},
	Journal   = {Frontiers in Econometrics},
	Year      = {1974},
	Pages     = {},
	Volume    = {},
	Number    = {},
}

@Article{Zhang:2021:Neurocomputing,
	Author    = {Zhang, Qian and Ren, Fuji},
	Title     = {Prior-based bayesian pairwise ranking for one-class collaborative filtering},
	Journal   = {Neurocomputing},
	Year      = {2021},
	Pages     = {365-374},
	Volume    = {440},
	Number    = {2},
}

@InProceedings{Wenhui:2019:WWW,
	Title     = {Spectrum-enhanced Pairwise Learning to Rank},
	Author    = {Yu, Wenhui and Qin, Zheng},
	Booktitle = {World Wide Web Conference},
	Year      = {2019},
	Pages     = {2247-2257},
}

@Article{Madan:1990:Business,
	Author    = {Madan, Dilip B and Seneta, Eugene},
	Title     = {The variance gamma (VG) model for share market returns},
	Journal   = {Journal of business},
	Year      = {1990},
	Pages     = {511-524},
	Volume    = {41},
	Number    = {A},
}

@Article{Senata:2004:ApplyPro,
	Author    = {Seneta,Eugene},
	Title     = {Fitting the variance-gamma model to financial data},
	Journal   = {Journal of applied probability},
	Year      = {2004},
	Pages     = {177-187},
	Volume    = {41},
	Number    = {A},
}

@Article{Tjetjep:2006:ISR,
	Author    = {Tjetjep,Annelies and Seneta,Eugene},
	Title     = {Skewed Normal Variance-Mean Models for Asset Pricing and the Method of Moments},
	Journal   = {International statistical review},
	Year      = {2006},
	Pages     = {109-126},
	Volume    = {74},
	Number    = {1},
}

@InProceedings{Herschtal:2004:ICML,
	Title     = {Optimising area under the ROC curve using gradient descent},
	Author    = {Herschtal, Alan and Raskutti, Bhavani},
	Booktitle = { Proceedings of the twenty-first International Conference on Machine Learning},
	Year      = {2004},
	Pages     = {49},
}

@InProceedings{Penghua:2016:ICDM,
	Title     = {Sebpr: Semantics enhanced bayesian personalized ranking with comparable item pairst},
	Author    = {Yu, Penghua and Lin, Lanfen},
	Booktitle = {2016 IEEE 16th International Conference on Data Mining Workshops (ICDMW)},
	Year      = {2016},
	Pages     = {1015-1022},
}

@InProceedings{Wang:2012:Datadriven,
	Title     = {Please spread: recommending tweets for retweeting with implicit feedback},
	Author    = {Wang, Sheng and Zhou, Xiaobo and Wang, Ziqi and Zhang, Ming},
	Booktitle = {Proceedings of the 2012 workshop on Data-driven user behavioral modelling and mining from social media},
	Year      = {2012},
	Pages     = {19-22},
}

@InProceedings{Steffen:2014:WSDM,
	Title     = {Improving pairwise learning for item recommendation from implicit feedback},
	Author    = {Rendle, Steffen and Freudenthaler, Christoph},
	Booktitle = {Proceedings of the 7th ACM international conference on Web Search and Data Mining},
	Year      = {2014},
	Pages     = {273-282},
}

@Article{Bin:2020:IS,
	Author    = {Wu, Bin and Ye, Yangdong},
	Title     = {BSPR: Basket-sensitive personalized ranking for product recommendation},
	Journal   = {Information Sciences},
	Year      = {2020},
	Pages     = {185-206},
	Volume    = {541},
	Number    = {1},
}

@Article{Bin:2020:IS,
	Author    = {Wu, Bin and Ye, Yangdong},
	Title     = {BSPR: Basket-sensitive personalized ranking for product recommendation},
	Journal   = {Information Sciences},
	Year      = {2020},
	Pages     = {185-206},
	Volume    = {541},
	Number    = {1},
}

@Article{Linero-Bas:2021:MJM,
	Author    = {Linero-Bas, A.  and D Nieves-Roldán},
	Title     = {A Generalization of the Monotone Convergence Theorem},
	Journal   = {Mediterranean Journal of Mathematics},
	Year      = {2021},
	Pages     = {1-10},
	Volume    = {18},
	Number    = {4},
}

@book{Arrow:2012,
	author    = {Kenneth J. Arrow},
	title     = {Social Choice and Individual Values},
	year      = {2012},
	publisher = {Yale University Press},
	ISBN      = {9780300186987}
}

@Article{Zhang:2018:TNNLS,
	Author    = {Zhang, Qian and Lu, Jie and Wu, Dianshuang and Zhang, Guangquan},
	Title     = {A Cross-Domain Recommender System With Kernel-Induced Knowledge Transfer for Overlapping Entities},
	Journal   = {IEEE Transactions on Neural Networks and Learning Systems},
	Year      = {2018},
	Pages     = {1998-2012},
	Volume    = {30},
	Number    = {7},
}

@Article{Duan:2021:TNNLS,
	Author    = {Duan, Shiyu and Yu, Shujian and Pr{\'\i}ncipe, Jos{\'e} C},
	Title     = {Modularizing deep learning via pairwise learning with kernels},
	Journal   = {IEEE Transactions on Neural Networks and Learning Systems},
	Year      = {2021},
	Pages     = {1-11},
	Volume    = {},
	Number    = {},
}

@Article{Huang:2021:TNNLS,
	Author    = {Huang, Tianlin and Zhao, Rujie and Bi, Lvqing and Zhang, Defu and Lu, Chao},
	Title     = {Neural Embedding Singular Value Decomposition for Collaborative Filtering},
	Journal   = {IEEE Transactions on Neural Networks and Learning Systems},
	Year      = {2021},
	Pages     = {1-9},
	Volume    = {},
	Number    = {},
}

@InProceedings{Yang:2019:SIGIR,
	Title     = {Local Matrix Approximation based on Graph Random Walk},
	Author    = {Yang, Xuejiao and Wang, Bang},
	Booktitle = {Proceedings of the 42nd International ACM SIGIR Conference on Research and Development in Information Retrieval},
	Year      = {2019},
	Pages     = {},
}

@Article{Yang:2020:IS,
	Author    = {Yang, Xuejiao and  Wang, Bang},
	Title     = {Destructure-and-restructure matrix approximation},
	Journal   = {Information Sciences},
	Year      = {2020},
	Pages     = {434-448},
	Volume    = {514},
	Number    = {2020},
}

@InProceedings{Ding:2020:NIPS,
	Title     = {Simplify and Robustify Negative Sampling for Implicit Collaborative Filtering},
	Author    = {Ding, Jingtao and Quan, Yuhan and Yao, Quanming and Li, Yong and Jin, Depeng},
	Booktitle = {Proceedings of the International Conference on Neural Information Processing Systems},
	Year      = {2020},
	Pages     = {},
}

@InProceedings{Zhang:2013:SIGIR,
	Title     = {Optimizing Top-n Collaborative Filtering via Dynamic Negative Item Sampling},
	Author    = {Zhang, Weinan and Chen, Tianqi and Wang, Jun and Yu, Yong},
	Booktitle = {Proceedings of the 36th International ACM SIGIR Conference on Research and Development in Information Retrieval},
	Year      = {2013},
	Pages     = {785–788},
}

@InProceedings{Chen:2017:KDD,
	Title     = {On Sampling Strategies for Neural Network-Based Collaborative Filtering},
	Author    = {Chen, Ting and Sun, Yizhou and Shi, Yue and Hong, Liangjie},
	Booktitle = {Proceedings of the 23rd ACM SIGKDD International Conference on Knowledge Discovery and Data Mining},
	Year      = {2017},
	Pages     = {767–776},
}

@InProceedings{Mikolov:2013:NIPS,
	Title     = {Distributed Representations of Words and Phrases and Their Compositionality},
	Author    = {Mikolov, Tomas and Sutskever, Ilya and Chen, Kai and Corrado, Greg and Dean, Jeffrey},
	Booktitle = {Proceedings of the 26th International Conference on Neural Information Processing Systems},
	Year      = {2013},
	Pages     = {3111–3119},
}

@InProceedings{Mikolov:2013:NIPS,
	Title     = {Distributed Representations of Words and Phrases and Their Compositionality},
	Author    = {Mikolov, Tomas and Sutskever, Ilya and Chen, Kai and Corrado, Greg and Dean, Jeffrey},
	Booktitle = {Proceedings of the 26th International Conference on Neural Information Processing Systems},
	Year      = {2013},
	Pages     = {3111–3119},
	
	@InProceedings{Chen:2017:KDD,
	Title     = {On Sampling Strategies for Neural Network-Based Collaborative Filtering},
	Author    = {Chen, Ting and Sun, Yizhou and Shi, Yue and Hong, Liangjie},
	Booktitle = {Proceedings of the 23rd ACM SIGKDD International Conference on Knowledge Discovery and Data Mining},
	Year      = {2017},
	Pages     = {767–776},
	}
	
	@InProceedings{Zhao:2015:CIKM,
	Title     = {Improving Latent Factor Models via Personalized Feature Projection for One Class Recommendation},
	Author    = {Zhao, Tong and McAuley, Julian and King, Irwin},
	Booktitle = {Proceedings of the 24th ACM International on Conference on Information and Knowledge Management},
	Year      = {2015},
	Pages     = {821–830},
	}
	
	@inproceedings{Jingtao:2019:IJCAI,
	title     = {Reinforced Negative Sampling for Recommendation with Exposure Data},
	author    = {Ding, Jingtao and Quan, Yuhan and He, Xiangnan and Li, Yong and Jin, Depeng},
	booktitle = {Proceedings of the Twenty-Eighth International Joint Conference on Artificial Intelligence},          
	pages     = {2230--2236},
	year      = {2019},
	}
	
	@inproceedings{Yang:2020:KDD,
	title     = {Understanding negative sampling in graph representation learning},
	author    = {Yang, Zhen and Ding, Ming and Zhou, Chang and Yang, Hongxia and Zhou, Jingren and Tang, Jie},
	booktitle = {Proceedings of the 26th ACM SIGKDD International Conference on Knowledge Discovery \& Data Mining},
	pages     = {1666--1676},
	year      = {2020}
	}
	
	@InProceedings{Park:2019:WWW,
	Title     = {Adversarial Sampling and Training for Semi-Supervised Information Retrieval},
	Author    = {Park, Dae Hoon and Chang, Yi},
	Booktitle = {World Wide Web Conference},
	Year      = {2019},
	Pages     = {1443–1453},
	}
	
	@InProceedings{Huang:2021:KDD,
	Title     = {MixGCF: An Improved Training Method for Graph Neural Network-Based Recommender Systems},
	Author    = {Huang, Tinglin and Dong, Yuxiao and Ding, Ming and Yang, Zhen and Feng, Wenzheng and Wang, Xinyu and Tang, Jie},
	Booktitle = {Proceedings of the 27th ACM SIGKDD Conference on Knowledge Discovery \& Data Mining},
	Year      = {2021},
	Pages     = {665–674},
	}
	
	@InProceedings{Qin:2021:AAAI,
	Title     = {Relation-aware Graph Attention Model With Adaptive Self-adversarial Training},
	Author    = {Qin, Xiao and Sheikh, Nasrullah and Reinwald, Berthold and Wu, Lingfei},
	Booktitle = {Proceedings of the AAAI Conference on Artificial Intelligence},
	Year      = {2021},
	Pages     = {9368--9376},
	}
	
	@article{Chen:2021:arXiv,
	title	  = {Incremental False Negative Detection for Contrastive Learning},
	author	  = {Chen, Tsai-Shien and Hung, Wei-Chih and Tseng, Hung-Yu and Chien, Shao-Yi and Yang, Ming-Hsuan},
	journal   = {arXiv preprint arXiv:2106.03719},
	year 	  = {2021}
	}
	
	@InProceedings{Zhao:2021:IJCAI,
	Title     = {Graph debiased contrastive learning with joint representation clustering},
	Author    = {Zhao, Han and Yang, Xu and Wang, Zhenru and Yang, Erkun and Deng, Cheng},
	Booktitle = {Proceedings of the International Joint Conference on Artificial Intelligence},
	Year      = {2021},
	Pages     = {3434--3440},
	}
	
	@InProceedings{Xiangnan:2020:SIGIR,
	Title     = {LightGCN: Simplifying and Powering Graph Convolution Network for Recommendation.},
	Author    = {Xiangnan,He and Kuan,Deng and Xiang,Wang and Yan,Li and Yongdong,Zhang and Meng, Wang},
	Booktitle = {Proceedings of the International ACM SIGIR Conference on Research and Development in Information Retrieval},
	Year      = {2020},
	Pages     = {10},
	}
	
	@Article{Bradley:1952:Biometrika,
	Author    = {Ralph A. Bradley and Milton E. Terry},
	Title     = {Rank Analysis of Incomplete Block Designs: I. The Method of Paired Comparisons},
	Journal   = {Biometrika},
	Year      = {1952},
	Pages     = {324-345},
	Volume    = {39},
	Number    = {3/4},
	}
	
	@InProceedings{Yuxin:2015ITW,
	Title     ={Top-K ranking: An information-theoretic perspective},
	Author    ={Yuxin Chen and Changho Suh},
	Booktitle ={2015 IEEE Information Theory Workshop - Fall (ITW)},
	Year      ={2015},
	Pages     ={212-213},
	}
	
	@InProceedings{Maystre:2017:ICML,
	Title     ={Just Sort It! A Simple and Effective Approach to Active Preference Learning},
	Author    ={Maystre, Lucas and Grossglauser, Matthias},
	Booktitle ={Proceedings of the 34th International Conference on Machine Learning},
	Year      ={2017},
	Pages     ={2344-2353},
	}
	
	@InProceedings{Wang:2019:SIGIR,
	Title     ={Neural Graph Collaborative Filtering},
	Author    ={Wang, Xiang  and  He, Xiangnan  and  Wang, Meng  and  Feng, Fuli  and  Chua, Tat Seng},
	Booktitle ={Proceedings of the International ACM SIGIR Conference on Research and Development in Information Retrieval},
	Year      ={2019},
	Pages     ={2344-2353},
	} 
	
	
	
	@Article{Ailon:2010:MachineLearning,
	Author    = {Ailon, N.  and  Mohri, M.},
	Title     = {Preference-based learning to rank},
	Journal   = {Machine Learning},
	Year      = {2010},
	Pages     = {189-211},
	Volume    = {80},
	Number    = {2-3},
	}
	
	@InProceedings{Chen:2013:WSDM,
	Title     = {Pairwise Ranking Aggregation in a Crowdsourced Setting},
	Author    = {Chen, X.  and  Bennett, P. N.  and  Collins-Thompson, K.  and  Horvitz, E.},
	Booktitle = {Proceedings of the sixth ACM international conference on Web search and data mining},
	Year      = {2013},
	Pages     = {193--202},
	}
	
	@InProceedings{Mohajer:2016:ACCC,
	Title     = {Active top-K ranking from noisy comparisons},
	Author    = {Mohajer, Soheil and Suh, Changho},
	Booktitle = {2016 54th Annual Allerton Conference on Communication, Control, and Computing (Allerton)},
	Year      = {2016},
	Pages     = {875-882},
	}
	
	@Article{Xiaoye:2011:MathProg,
	Author    = {Jiang, Xiaoye and Lim, Lek-Heng and Yao, Yuan and Ye, Yinyu},
	Title     = {Statistical ranking and combinatorial Hodge theory},
	Journal   = {Mathematical Programming},
	Year      = {2011},
	Pages     = {203-244},
	Volume    = {127},
	Number    = {1},
	}
	
	@techreport{Lawrence:1999:Stanford,
	number = {1999-66},
	month = {November},
	author = {Lawrence Page and Sergey Brin and Rajeev Motwani and Terry Winograd},
	note = {Previous number = SIDL-WP-1999-0120},
	title = {The PageRank Citation Ranking: Bringing Order to the Web.},
	type = {Technical Report},
	publisher = {Stanford InfoLab},
	year = {1999}
	}
	
	@Article{Negahban:2017:OperRes,
	Author    = {Negahban, Sahand and Oh, Sewoong and Shah, Devavrat},
	Title     = {Rank centrality: Ranking from pairwise comparisons},
	Journal   = {Operations Research},
	Year      = {2017},
	Pages     = {266-287},
	Volume    = {65},
	Number    = {1},
	}
	
	@Article{Luce:2005:JASA,
	Author    = {Luce, R Duncan},
	Title     = {Individual Choice Behavior: A Theoretical Analysis},
	Journal   = {Journal of the American Statistical Association},
	Year      = {2005},
	Pages     = {1-15},
	Volume    = {67},
	Number    = {293},
	}
	
	@Article{Tsai:2006:MathPsy,
	Author    = {Tsai, Rung-Ching and B{\"o}ckenholt, Ulf},
	Title     = {Modelling intransitive preferences: A random-effects approach},
	Journal   = {Journal of Mathematical Psychology},
	Year      = {2006},
	Pages     = {1-14},
	Volume    = {50},
	Number    = {1},
	}
	
	@Article{Ford:1957:AMM,
	Author    = {Ford Jr, Lester R},
	Title     = {Solution of a ranking problem from binary comparisons},
	Journal   = {The American Mathematical Monthly},
	Year      = {1957},
	Pages     = {28-33},
	Volume    = {64},
	Number    = {8},
	}
	
	
	@InProceedings{Weike:2013:IJCAI,
	Title     = {Gbpr: Group preference based bayesian personalized ranking for one-class collaborative filterin},
	Author    = {Pan, Weike and Chen, Li},
	Booktitle = {Twenty-Third International Joint Conference on Artificial Intelligence},
	Year      = {2013},
	Pages     = {},
	}
	
	@book{Arrow:2012,
	author    = {Kenneth J. Arrow},
	title     = {Social Choice and Individual Values},
	year      = {2012},
	publisher = {Yale University Press},
	ISBN      = {9780300186987}
	}
	
	@InProceedings{Yu:2018:CIKM,
	Title     = {Multiple pairwise ranking with implicit feedback},
	Author    = {Yu, R. and Zhang, Y. and Ye, Y. and Wu, L. and Wang, C. and Liu, Q. and Chen, E.},
	Booktitle = { Proceedings of the 27th ACM Int. Conference on Information and Knowledge Management, ACM},
	Year      = {2018},
	Pages     = {1727-1730},
	}
	
	@Article{Zhao:2019:FGCS,
	Author    = {Zhao, F. and Shen, Y. and Gui, X. and Jin. H},
	Title     = {{SDBPR}: Social distance-aware bayesian personalized ranking for recommendation},
	Journal   = {Future Generation Computer Systems},
	Year      = {2019},
	Pages     = {372-381},
	Volume    = {95},
	Number    = {},
	}
	
	@Article{Liu:2020:KBS,
	Author    = {Liu, B. and Chen, T. and Jia, P.  and Wang, L},
	Title     = {Effective public service delivery supported by time-decayed Bayesian personalized ranking},
	Journal   = {Knowledge-Based Systems},
	Year      = {2020},
	Pages     = {10637},
	Volume    = {206},
	Number    = {},
	}
	
	@Article{Qiu:2018:IS,
	Author    = {Qiu, H. and Liu, Y. and Guo, G. and Sun, Z. and Zhang, J. and Nguyen, H. T. },
	Title     = {{BPRH}: Bayesian personalized ranking for heterogeneous implicit feedback},
	Journal   = {Information Sciences},
	Year      = {2018},
	Pages     = {80-98},
	Volume    = {453},
	Number    = {},
	}
	
	@Article{Pan:2015:KBS,
	Author    = {Pan, W. and Zhong, H. and Xu, C.  and Ming, Z},
	Title     = {Adaptive bayesian personalized ranking for heterogeneous implicit feedbacks. Knowledge-Based Systems},
	Journal   = {Knowledge-Based Systems},
	Year      = {2015},
	Pages     = {173-180},
	Volume    = {73},
	Number    = {},
	}
	
	@InProceedings{Lerche:2014:RS,
	Title     = {Using graded implicit feedback for bayesian personalized ranking},
	Author    = {Lerche, Lukas and Jannach, Dietmar},
	Booktitle = {Proceedings of the 8th ACM Conference on Recommender systems},
	Year      = {2014},
	Pages     = {353-356},
	}
	
	@Article{Xuejiao:2020:ASC,
	Author    = {Yang, Xuejiao and Wang, Bang},
	Title     = {Local ranking and global fusion for personalized recommendation},
	Journal   = {Applied Soft Computing},
	Year      = {2020},
	Pages     = {106636},
	Volume    = {96},
	Number    = {1},
	}
	
	@Article{Dempster:1977:RSS,
	Author    = {Dempster, Arthur P and Laird, Nan M and Rubin, Donald B},
	Title     = {Maximum likelihood from incomplete data via the EM algorithm},
	Journal   = {Journal of the Royal Statistical Society: Series B (Methodological)},
	Year      = {1977},
	Pages     = {1-22},
	Volume    = {39},
	Number    = {1},
	}
	
	@Article{Pan:2016:Neurocomputing,
	Author    = {Pan, Weike and Chen, Li},
	Title     = {Group Bayesian personalized ranking with rich interactions for one-class collaborative filtering},
	Journal   = {Neurocomputing},
	Year      = {2016},
	Pages     = {501-510},
	Volume    = {207},
	Number    = {},
	}
	
	@Article{McFadden:1974:FE,
	Author    = {McFadden, Daniel},
	Title     = {Conditional logit analysis of qualitative choice behavior},
	Journal   = {Frontiers in Econometrics},
	Year      = {1974},
	Pages     = {},
	Volume    = {},
	Number    = {},
	}
	
	@Article{Zhang:2021:Neurocomputing,
	Author    = {Zhang, Qian and Ren, Fuji},
	Title     = {Prior-based bayesian pairwise ranking for one-class collaborative filtering},
	Journal   = {Neurocomputing},
	Year      = {2021},
	Pages     = {365-374},
	Volume    = {440},
	Number    = {2},
	}
	
	@InProceedings{Steffen:2010:ICDM,
	Title     = {Factorization Machines},
	Author    = {Rendle, Steffen},
	Booktitle = {ICDM},
	Year      = {2010},
	Pages     = {},
	}
	
	
	@InProceedings{Wenhui:2019:WWW,
	Title     = {Spectrum-enhanced Pairwise Learning to Rank},
	Author    = {Yu, Wenhui and Qin, Zheng},
	Booktitle = { World Wide Web Conference},
	Year      = {2019},
	Pages     = {2247-2257},
	}
	
	@Article{Madan:1990:Business,
	Author    = {Madan, Dilip B and Seneta, Eugene},
	Title     = {The variance gamma (VG) model for share market returns},
	Journal   = {Journal of business},
	Year      = {1990},
	Pages     = {511-524},
	Volume    = {41},
	Number    = {A},
	}
	
	@Article{Senata:2004:ApplyPro,
	Author    = {Seneta,Eugene},
	Title     = {Fitting the variance-gamma model to financial data},
	Journal   = {Journal of applied probability},
	Year      = {2004},
	Pages     = {177-187},
	Volume    = {41},
	Number    = {A},
	}
	
	@Article{Tjetjep:2006:ISR,
	Author    = {Tjetjep,Annelies and Seneta,Eugene},
	Title     = {Skewed Normal Variance-Mean Models for Asset Pricing and the Method of Moments},
	Journal   = {International statistical review},
	Year      = {2006},
	Pages     = {109-126},
	Volume    = {74},
	Number    = {1},
	}
	
	@InProceedings{Herschtal:2004:ICML,
	Title     = {Optimising area under the ROC curve using gradient descent},
	Author    = {Herschtal, Alan and Raskutti, Bhavani},
	Booktitle = { Proceedings of the twenty-first International Conference on Machine Learning},
	Year      = {2004},
	Pages     = {49},
	}
	
	@InProceedings{Penghua:2016:ICDM,
	Title     = {Sebpr: Semantics enhanced bayesian personalized ranking with comparable item pairst},
	Author    = {Yu, Penghua and Lin, Lanfen},
	Booktitle = {2016 IEEE 16th International Conference on Data Mining Workshops (ICDMW)},
	Year      = {2016},
	Pages     = {1015-1022},
	}
	
	@InProceedings{Wang:2012:Datadriven,
	Title     = {Please spread: recommending tweets for retweeting with implicit feedback},
	Author    = {Wang, Sheng and Zhou, Xiaobo and Wang, Ziqi and Zhang, Ming},
	Booktitle = {Proceedings of the 2012 workshop on Data-driven user behavioral modelling and mining from social media},
	Year      = {2012},
	Pages     = {19-22},
	}
	
	@InProceedings{Steffen:2014:WSDM,
	Title     = {Improving pairwise learning for item recommendation from implicit feedback},
	Author    = {Rendle, Steffen and Freudenthaler, Christoph},
	Booktitle = {Proceedings of the 7th ACM international conference on Web Search and Data Mining},
	Year      = {2014},
	Pages     = {273-282},
	}
	
	@Article{Bin:2020:IS,
	Author    = {Wu, Bin and Ye, Yangdong},
	Title     = {BSPR: Basket-sensitive personalized ranking for product recommendation},
	Journal   = {Information Sciences},
	Year      = {2020},
	Pages     = {185-206},
	Volume    = {541},
	Number    = {1},
	}
	
	@InProceedings{Xiangnan:2020:SIGIR,
	Title     = {LightGCN: Simplifying and Powering Graph Convolution Network for Recommendation.},
	Author    = {Xiangnan,He and Kuan,Deng and Xiang,Wang and Yan,Li and Yongdong,Zhang and Meng, Wang},
	Booktitle = {Proceedings of the International ACM SIGIR Conference on Research and Development in Information Retrieval},
	Year      = {2020},
	Pages     = {10},
	}
	
	@InProceedings{Wenqi:2021:KDD,
	Title     = {Graph Trend Networks for Recommendations},
	Author    = {Wenqi, Fan and Xiaorui, Liu and Wei, Jin and Xiangyu, Zhao and Jiliang, Tang and Qing, Li},
	Booktitle = {Proceedings of the ACM SIGKDD Conference on Knowledge Discovery and Data Mining},
	Year      = {2021},
	Pages     = {12},
	}
	
	@InProceedings{Chen:2017:KDD,
	Title     = {On Sampling Strategies for Neural Network-based Collaborative Filtering},
	Author    = {Chen, T.  and  Sun, Y.  and  Yue, S.  and  Hong, L.},
	Booktitle = {Proceedings of the ACM SIGKDD Conference on Knowledge Discovery and Data Mining},
	Year      = {2017},
	Pages     = {14},
	}
	
	@InProceedings{Ying:2018:KDD,
	Title     = {Graph Convolutional Neural Networks for Web-Scale Recommender Systems},
	Author    = {Ying, Rex  and  He, Ruining  and  Chen, Kaifeng  and  Eksombatchai, Pong  and  Hamilton, William L  and  Leskovec, Jure},
	Booktitle = {Proceedings of the ACM SIGKDD Conference on Knowledge Discovery and Data Mining},
	Year      = {2018},
	Pages     = {974-983},
	}
	
	@InProceedings{Zhang:2013:SIGIR,
	Title     = {Optimizing Top-N Collaborative Filtering via Dynamic Negative Item Sampling},
	Author    = {Zhang, W.  and  Chen, T.  and  Wang, J.  and  Yong, Y.},
	Booktitle = {Proceedings of the International ACM SIGIR Conference on Research and Development in Information Retrieval},
	Year      = {2013},
	Pages     = {},
	}
	
	@InProceedings{Jun:2017:SIGIR,
	Title     = {IRGAN: A Minimax Game for Unifying Generative and Discriminative Information Retrieval Models},
	Author    = {Wang, Jun and Yu, Lantao and Zhang, Weinan and Gong, Yu and Xu, Yinghui and Wang, Benyou and Zhang, Peng and Zhang, Dell},
	Booktitle = {Proceedings of the International ACM SIGIR Conference on Research and Development in Information Retrieval},
	Year      = {2017},
	Pages     = {515–524},
	}
	
	@InProceedings{Park:2019:WWW,
	Title     = {Adversarial Sampling and Training for Semi-Supervised Information Retrieval},
	Author    = {Dae Hoon,Park and Yi, Chang},
	Booktitle = {World Wide Web Conference},
	Year      = {2019},
	Pages     = {1443–1453},
	}
	
	@InProceedings{Ding:2019:IJCAI,
	Title     = {Reinforced Negative Sampling for Recommendation with Exposure Data},
	Author    = {Ding, Jingtao and Quan, Yuhan and He, Xiangnan and Li, Yong and Jin, Depeng},
	Booktitle = {Proceedings of the International Joint Conference on Artificial Intelligence},
	Year      = {2019},
	Pages     = {2230--2236},
	}
	
	@InProceedings{Ding:2019:NeurIPS,
	Title     = { Simplify and Robustify Negative Sampling for Implicit Collaborative Filtering},
	Author    = { Ding, J.  and  Quan, Y.  and  Yao, Q.  and  Li, Y.  and  Jin, D.},
	Booktitle = {Proceedings of the International Conference on Neural Information Processing Systems},
	Year      = {2019},
	Pages     = {},
	}
	
	@InProceedings{Tinglin:2010:KDD,
	Title     = {MixGCF: An Improved Training Method for Graph Neural Network-based Recommender Systems},
	Author    = {Tinglin,Huang and Yuxiao, Dong and Ming, Ding and Zhen, Yang and Wenzheng, Feng and Xinyu, Wang and Jie, Tang},
	Booktitle = {Proceedings of the ACM SIGKDD Conference on Knowledge Discovery and Data Mining},
	Year      = {2021},
	Pages     = {},
	}
	
	@InProceedings{Yang:2020:KDD,
	Title     = {Understanding Negative Sampling in Graph Representation Learning},
	Author    = {Yang, Z.  and  Ding, M.  and  Zhou, C.  and  Yang, H.  and  Tang, J.},
	Booktitle = {Proceedings of the ACM SIGKDD Conference on Knowledge Discovery and Data Mining},
	Year      = {2020},
	Pages     = {},
	}

	
	@InProceedings{Jun:2018:SIGIR,
	Title     = {IRGAN: A Minimax Game for Unifying Generative and Discriminative Information Retrieval Models},
	Author    = {Jun,Wang and Lantao,Yu and Weinan,Zhang and Yu, Gong and Yinghui,Xu},
	Booktitle = {Proceedings of the International ACM SIGIR Conference on Research and Development in Information Retrieval},
	Year      = {2018},
	Pages     = {},
	}
	
	@InProceedings{Tang:2015:WWW,
	Title     = {LINE: Large-Scale Information Network Embedding},
	Author    = {Tang, Jian and Qu, Meng and Wang, Mingzhe and Zhang, Ming and Yan, Jun and Mei, Qiaozhu},
	Booktitle = {Proceedings International Conference on World Wide Web},
	Year      = {2015},
	Pages     = {1067–1077},
	}
	
	@InProceedings{Mihajlo:2015:SIGIR,
	Title     = {Context- and Content-aware Embeddings for Query Rewriting in Sponsored
	Search},
	Author    = {Mihajlo Grbovic and Nemanja Djuric and Vladan Radosavljevic and Fabrizio Silvestri and	Narayan Bhamidipati},
	Booktitle = {Proceedings of the 38th International {ACM} {SIGIR} Conference on Research and Development in Information Retrieval},
	Year      = {2015},
	Pages     = {383--392},
	}
	
	@InProceedings{Xiangnan:2016SIGIR,
	Title     = {Fast matrix factorization for online recommendation with implicit feedback},
	Author    = {He, Xiangnan and Zhang, Hanwang and Kan, Min-Yen and Chua, Tat-Seng},
	Booktitle = {Proceedings of the 39th International ACM SIGIR conference on Research and Development in Information Retrieval},
	Year      = {549--558},
	Pages     = {2016},
	}
	
	@InProceedings{Caselles:2018:Recsys,
	Title     = {Word2vec applied to recommendation: Hyperparameters matter},
	Author    = {Caselles-Dupr{\'e}, Hugo and Lesaint, Florian and Royo-Letelier, Jimena},
	Booktitle = {Proceedings of the 12th ACM Conference on Recommender Systems},
	Year      = {2018},
	Pages     = {352--356},
	}
	
	@InProceedings{Rao:2016:CIKM,
	Title     = {Noise-contrastive estimation for answer selection with deep neural networks},
	Author    = {Rao, Jinfeng and He, Hua and Lin, Jimmy},
	Booktitle = {Proceedings of the 25th ACM International on Conference on Information and Knowledge Management},
	Year      = {1913--1916},
	Pages     = {2016},
	}
	
	
	@InProceedings{Zhang:2019:ICDE,
	Title     = {NSCaching: simple and efficient negative sampling for knowledge graph embedding},
	Author    = {Zhang, Yongqi and Yao, Quanming and Shao, Yingxia and Chen, Lei},
	Booktitle = {2019 IEEE 35th International Conference on Data Engineering (ICDE)},
	Year      = {2019},
	Pages     = {614--625},
	}
	
	
	@InProceedings{Sun:2018:IJCAI,
	Title     = {Bootstrapping Entity Alignment with Knowledge Graph Embedding},
	Author    = {Sun, Zequn and Hu, Wei and Zhang, Qingheng and Qu, Yuzhong},
	Booktitle = {Proceedings of the International Joint Conference on Artificial Intelligence},
	Year      = {2018},
	Pages     = {4396--4402},
	}
	
	
	@InProceedings{Li:2014:WWW,
	Title     = {Acrec: a co-authorship based random walk model for academic collaboration recommendation},
	Author    = {Li, Jing and Xia, Feng and Wang, Wei and Chen, Zhen and Asabere, Nana Yaw and Jiang, Huizhen},
	Booktitle = {Proceedings of the 23rd international conference on World Wide Web},
	Year      = {1209--1214},
	Pages     = {2014},
	}
	
	
	@inproceedings{chen2019samwalker,
	title={Samwalker: Social recommendation with informative sampling strategy},
	author={Chen, Jiawei and Wang, Can and Zhou, Sheng and Shi, Qihao and Feng, Yan and Chen, Chun},
	booktitle={The World Wide Web Conference},
	pages={228--239},
	year={2019}
	}
	
	@InProceedings{Chen:2019:WWW,
	Title     = {Samwalker: Social recommendation with informative sampling strategy},
	Author    = {Chen, Jiawei and Wang, Can and Zhou, Sheng and Shi, Qihao and Feng, Yan and Chen, Chun},
	Booktitle = {Proceedings International Conference on World Wide Web},
	Year      = {2019},
	Pages     = {228--239},
	}
	
	@Article{Wang:2021:TKDE,
	Author    = {Wang, Can and Chen, Jiawei and Zhou, Sheng and Shi, Qihao and Feng, Yan and Chen, Chun},
	Title     = {SamWalker++: recommendation with informative sampling strategy},
	Journal   = {IEEE Transactions on Knowledge and Data Engineering},
	Year      = {2021},
	Pages     = {},
	Volume    = {},
	Number    = {},
	}
	
	@article{wang2021samwalker++,
	title={SamWalker++: recommendation with informative sampling strategy},
	author={Wang, Can and Chen, Jiawei and Zhou, Sheng and Shi, Qihao and Feng, Yan and Chen, Chun},
	journal={IEEE Transactions on Knowledge and Data Engineering},
	year={2021},
	publisher={IEEE}
	}
	
	
	@InProceedings{Wang:2020:WWW,
	Title     = {Reinforced negative sampling over knowledge graph for recommendation},
	Author    = {Wang, Xiang and Xu, Yaokun and He, Xiangnan and Cao, Yixin and Wang, Meng and Chua},
	Booktitle = {Proceedings of International Conference on World Wide Web},
	Year      = {2020},
	Pages     = {99--109},
	}
	
	@InProceedings{Wang:2021:CIKM,
	Title     = {Dskreg: Differentiable sampling on knowledge graph for recommendation with relational gnn},
	Author    = {Wang, Yu and Liu, Zhiwei and Fan, Ziwei and Sun, Lichao and Yu, Philip S},
	Booktitle = {Proceedings of the 30th ACM International Conference on Information \& Knowledge Management},
	Year      = {2021},
	Pages     = {3513--3517},
	}
	
	@InProceedings{Zhao:2014:CIKM,
	Title     = {Leveraging social connections to improve personalized ranking for collaborative filtering},
	Author    = {Zhao, Tong and McAuley, Julian and King, Irwin},
	Booktitle = {Proceedings of the 23rd ACM international conference on conference on information and knowledge management},
	Year      = {2014},
	Pages     = {261--270},
	}
	
	@InProceedings{Wang:2016:CIKM,
	title    = {Social recommendation with strong and weak ties},
	author   = {Wang, Xin and Lu, Wei and Ester, Martin and Wang, Can and Chen, Chun},
	booktitle= {Proceedings of the 25th ACM International on Conference on Information and Knowledge Management},
	pages    = {5--14},
	year     = {2016}
	}
	
	@InProceedings{Yuan:2016:IJCAI,
	title	 = {Joint geo-spatial preference and pairwise ranking for point-of-interest recommendation},
	author   = {Yuan, Fajie and Jose, Joemon M and Guo, Guibing and Chen, Long and Yu, Haitao and Alkhawaldeh, Rami S},
	booktitle= {2016 IEEE 28th International Conference on Tools with Artificial Intelligence (ICTAI)},
	pages    = {46--53},
	year     = {2016},
	}
	
	@InProceedings{Liu:2019:IJCAI,
	title    = {Geo-ALM: POI Recommendation by Fusing Geographical Information and Adversarial Learning Mechanism.},
	author   = {Liu, Wei and Wang, Zhi-Jie and Yao, Bin and Yin, Jian},
	booktitle= {Proceedings of the International Joint Conference on Artificial Intelligence},
	pages    = {1807--1813},
	year     = {2019}
	}
	
	@InProceedings{Jingtao:2018:WWW,
	Title     = {An Improved Sampler for Bayesian Personalized Ranking by Leveraging View Data},
	Author    = {Ding, Jingtao and Feng, Fuli and He, Xiangnan and Yu, Guanghui and Li, Yong and Jin, Depeng},
	Booktitle = {Companion Proceedings of the The Web Conference 2018},
	Year      = {2018},
	Pages     = {13–14},
	}
	
	@Article{Koren:2009:Computer,
	Author    = {Koren, Yehuda and Bell, Robert and Volinsky, Chris},
	Title     = {Matrix factorization techniques for recommender systems},
	Journal   = {Computer},
	Year      = {2009},
	Pages     = {30--37},
	Volume    = {42},
	Number    = {8},
	}
	
@InProceedings{Liu:2017:SIGIR,
	Title     = {Event Recommendation Based on Graph Random Walking and History Preference Reranking},
	Author    = {Liu, Shenghao and Wang, Bang and Xu, Minghua},
	Booktitle = {Proceedings of the 40th International ACM SIGIR Conference on Research and Development in Information Retrieval},
	Year      = {2017},
	Pages     = {861–864},
}
	

@Article{Jessa:2020:ML,
	Author    = {Jessa, Bekker and Jesse, Davis1},
	Title     = {Learning from positive and unlabeled data: a survey},
	Journal   = {Machine Learning},
	Year      = {2020},
	Pages     = {719–760},
	Volume    = {109},
	Number    = {},
}
	
@InProceedings{Su:2021:IJCAI,
	Title     = {Positive-unlabeled learning from imbalanced data},
	Author    = {Su, Guangxin and Chen, Weitong and Xu, Miao},
	Booktitle = {Proceedings of the 30th International Joint Conference on Artificial Intelligence, Virtual Event},
	Year      = {2021},
	Pages     = {2995--3001},
}

@InProceedings{Wang:2020:WWW,
Title     = {Reinforced Negative Sampling over Knowledge Graph for Recommendation},
Author    = { Wang, Xiang  and  Xu, Yaokun  and  He, Xiangnan  and  Cao, Yixin  and  Chua, TatSeng},
Booktitle = {International Conference on World Wide Web},
Year      = {2020},
Pages     = {99--109},
}



@article{glivenko:1933,
  title={Sulla determinazione empirica delle leggi di probabilita},
  author={Glivenko, Valery},
  journal={Gion. Ist. Ital. Attauri.},
  volume={4},
  pages={92--99},
  year={1933}
}

@Article{Xu:2022:arxiv,
	Author    = {Xu, Lanling and Lian, Jianxun and Zhao, Wayne Xin and Gong, Ming and Shou, Linjun and Jiang, Daxin and Xie, Xing and Wen, Ji-Rong},
	Title     = {Negative Sampling for Contrastive Representation Learning: A Review},
	Journal   = {arXiv preprint arXiv:2206.00212},
	Year      = {2022},
	Pages     = {},
	Volume    = {},
	Number    = {},
}

@Article{Oord:2018:arxiv,
	Author    = {Oord, Aaron van den and Li, Yazhe and Vinyals, Orio},
	Title     = {Representation learning with contrastive predictive coding},
	Journal   = {arXiv preprint arXiv:1807.03748},
	Year      = {2018},
	Pages     = {},
	Volume    = {},
	Number    = {},
}

@Article{gutmann:2012:JMLR,
  title={Noise-Contrastive Estimation of Unnormalized Statistical Models, with Applications to Natural Image Statistics.},
  author={Gutmann, Michael U and Hyv{\"a}rinen, Aapo},
  journal={Journal of machine learning research},
  volume={13},
  number={2},
  year={2012}
}




@article{lightgcl:2023:ICLR,
  title={LightGCL: Simple Yet Effective Graph Contrastive Learning for Recommendation},
  author={Cai, Xuheng and Huang, Chao and Xia, Lianghao and Ren, Xubin},
  journal={International Conference on Learning Representations},
  year={2023}
}

@inproceedings{Wang:2022:KDD,
author = {Wang, Chenyang and Yu, Yuanqing and Ma, Weizhi and Zhang, Min and Chen, Chong and Liu, Yiqun and Ma, Shaoping},
title = {Towards Representation Alignment and Uniformity in Collaborative Filtering},
year = {2022},
booktitle = {Proceedings of the 28th ACM SIGKDD Conference on Knowledge Discovery and Data Mining},
pages = {1816–1825},
}

@InProceedings{Wang:2020:ICML,
Title     = {Understanding contrastive representation learning through alignment and uniformity on the hypersphere},
Author    = {Wang, Tongzhou and Isola, Phillip},
Booktitle = {International Conference on Machine Learning},
Year      = {2020},
Pages     = {9929--9939},
}

@InProceedings{Gutmann:2010:ICAIS,
Title     = {Noise-contrastive estimation: A new estimation principle for unnormalized statistical models},
Author    = {Gutmann, Michael and Hyv{\"a}rinen, Aapo},
Booktitle = {Proceedings of the thirteenth international conference on artificial intelligence and statistics},
Year      = {2010},
Pages     = {297--304},
}


@InProceedings{Zizhuo:2021:ICDM,
Title     = {Graph Neighborhood Routing and Random Walk for Session-based Recommendation},
Author    = {Zizhuo Zhang and Bang Wang},
Booktitle = {IEEE International Conference on Data Mining (ICDM)},
Year      = {2021},
Pages     = {1517-1522},
}

@inproceedings{zhu:2021:iccv,
  title={Improving contrastive learning by visualizing feature transformation},
  author={Zhu, Rui and Zhao, Bingchen and Liu, Jingen and Sun, Zhenglong and Chen, Chang Wen},
  booktitle={Proceedings of the IEEE/CVF International Conference on Computer Vision},
  pages={10306--10315},
  year={2021}
}

@inproceedings{zhong:2021:cvpr,
  title={Neighborhood contrastive learning for novel class discovery},
  author={Zhong, Zhun and Fini, Enrico and Roy, Subhankar and Luo, Zhiming and Ricci, Elisa and Sebe, Nicu},
  booktitle={Proceedings of the IEEE/CVF conference on Computer Vision and Pattern Recognition},
  pages={10867--10875},
  year={2021}

@InProceedings{,
Title     = {},
Author    = {},
Booktitle = {},
Year      = {},
Pages     = {},
}



@InProceedings{,
Title     = {},
Author    = {},
Booktitle = {},
Year      = {},
Pages     = {},
}



